2782 4614
750 246 791 309 36

241 453 301 497 one
324 433 398 496 illae
422 432 506 495 duae
530 432 689 516 simplices
719 433 887 496 inchoatae
909 433 1074 515 analogiae
1098 482 1104 493 .
1130 480 1135 494 .
1162 432 1180 497 .’
1226 431 1303 496 Par-

240 543 338 606 ticula
362 540 500 606 ‘etenim’
525 560 604 603 num
627 548 712 606 reete
737 562 771 606 se
794 542 911 605 habeat
935 562 1022 605 unus
1046 541 1171 604 dubitat
1192 541 1302 605 Ferdi-

240 652 366 715 nandus
400 650 559 714 Handius.
604 651 638 715 Is
671 653 757 715 enim
791 651 978 733 ‘Varronis'‚
1009 652 1124 734 inquit,
1156 651 1205 712 ‘de
1237 651 1256 713 1.
1282 653 1300 714 l.

240 780 327 823 unus
351 765 400 823 est
422 759 521 841 locus,
543 761 578 823 in
603 780 667 844 quo
692 760 832 825 ‘etenim’
857 767 1001 844 usurpat,
1034 762 1091 824 sed
1119 761 1212 824 valde
1236 782 1303 823 am-

240 869 370 953 biguus,
393 871 456 932 nisi
480 870 613 952 copulae
637 871 759 935 tribuas
783 871 936 934 maiorem
960 868 1073 936 vim’.1)

347 977 482 1061 Copiosa
504 981 604 1062 igitur
626 984 735 1044 nostra
759 980 798 1042 de
821 1000 887 1042 usu
903 981 1001 1044 huius
1017 979 1192 1063 particulae
1208 999 1304 1061 quac-

192 1086 194 1089 ’
240 1089 343 1151 stione
376 1090 461 1152 idem
494 1092 632 1153 assecuti
665 1108 788 1170 sumus,
822 1090 907 1171 quod
939 1091 990 1152 vir
1023 1090 1169 1172 egregius
1194 1090 1303 1170 paucis

239 1196 347 1261 verbis
372 1204 607 1262 commemorat.
654 1198 722 1262 Nos
752 1217 828 1261 vero
861 1199 991 1282 longius
1024 1198 1185 1281 progressi
1217 1198 1247 1259 h.
1280 1198 1299 1261 l.

240 1326 306 1369 non
331 1307 434 1370 ‘valde
458 1308 663 1391 ambiguam’,
686 1309 741 1372 sed
764 1313 849 1371 certo
874 1312 1055 1389 corruptam
1073 1326 1142 1370 osse
1165 1309 1303 1390 particu-

240 1417 303 1478 lam
329 1418 506 1497 credimus3
531 1438 607 1480 nam
632 1418 718 1499 quod
734 1417 883 1481 Handius
909 1417 947 1479 de
971 1417 1103 1499 copulae
1126 1419 1246 1479 maiore
1270 1418 1303 1479 vi

241 1525 337 1607 addit,
368 1527 400 1590 id
433 1526 472 1590 de
494 1526 611 1589 Plauto
644 1545 703 1589 nec
736 1545 802 1589 non
829 1525 976 1589 Terentio
1012 1527 1117 1588 dicere
1148 1525 1231 1606 licet,
1252 1503 1325 1588 'de'

240 1642 351 1701 nostro
384 1656 591 1719 nequaquam
628 1636 724 1698 licere
757 1635 852 1699 nobis
879 1631 1133 1718 persuasimus&
1186 1634 1303 1715 Itaque

241 1765 315 1809 cum
348 1747 490 1810 remedio
523 1765 603 1828 opus
635 1763 704 1808 esse
735 1745 894 1827 videatur,
928 1747 955 1808 si
991 1763 1072 1827 (puae
1107 1744 1302 1826 praecedunt

240 1855 339 1918 verba
362 1856 625 1938 contemplamur,
648 1874 715 1917 non
738 1855 802 1935 illa,
826 1874 907 1937 quae
930 1856 1077 1938 proxime
1101 1853 1229 1916 adstant
1252 1852 1302 1915 ‘de

241 1984 380 2046 quorum
404 1964 550 2048 analogia
573 2001 616 2010 —
641 1965 847 2047 scripserunt
881 1965 937 2028 sed
971 1966 1058 2044 haec,
1090 1982 1173 2045 quae
1205 1962 1302 2044 paulo

240 2080 314 2139 ante
338 2074 489 2138 <Tertium
521 2093 625 2157 genus
658 2079 705 2136 est
735 2073 816 2136 illud
840 2074 960 2156 duplex
984 2075 1173 2154 —inquo
1198 2078 1303 2135 etrcs

239 2190 269 2248 et
292 2204 387 2248 voces
411 2184 558 2248 similiter
590 2203 647 2265 pro
680 2167 826 2265 portione
850 2182 1021 2263 dicuntur',
1049 2180 1143 2245 nobis
1166 2201 1222 2264 pro
1248 2181 1303 2243 ‘et-

239 2294 335 2358 enim’
368 2295 430 2376 legi
464 2293 567 2375 placet
591 2292 733 2375 ‘itaque’3
770 2311 852 2374 quae
876 2291 1034 2375 particula
1057 2296 1088 2355 et
1110 2291 1204 2354 facile
1228 2310 1303 2354 cum

237 2404 293 2465 illa
315 2405 435 2466 mutari
458 2405 562 2485 potuit
585 2408 616 2466 et
638 2403 722 2465 bene
746 2420 780 2464 se
803 2401 900 2464 habet
922 2403 956 2463 in
976 2421 1106 2464 conexu
1122 2400 1302 2464 verborum.

343 2512 412 2575 Iam
438 2531 520 2593 quae
544 2512 617 2574 libri
641 2512 679 2574 de
702 2531 727 2572 r.
750 2530 774 2572 r.
800 2510 973 2574 ostendunt
996 2509 1144 2594 exempla
1172 2517 1209 2574 ut
1231 2531 1302 2594 per-

239 2639 396 2701 censeam,
424 2641 441 2684 e
464 2624 566 2704 primo
589 2621 672 2683 libro
696 2620 796 2683 habeo
820 2621 912 2684 haec:
938 2617 1041 2702 4,3;3l
1074 2616 1171 2702 4,4.4)
1218 2622 1301 2701 59,2

132 2719 135 2724 ’
238 2729 282 2792 ‘in
301 2751 363 2813 quo
385 2728 441 2815 (=
458 2730 657 2813 oporotheca)
682 2731 778 2792 etiam
803 2729 934 2812 quidam
957 2731 1136 2793 triclinium
1160 2733 1303 2793 sternere

237 2841 340 2904 solent
362 2839 500 2904 cenandi
524 2859 629 2902 causa.
676 2838 805 2903 Etenim
828 2838 889 2916 inb)
921 2840 1039 2922 quibus
1072 2840 1203 2902 luxuria
1227 2859 1301 2902 oon-

236 2948 366 3010 cesserit
389 2951 484 3011 utin
508 2948 712 3030 pinacothece
735 2948 855 3012 faciant
878 2986 929 3030 —,
962 2970 1020 3012 cur
1043 2969 1107 3012 non
1134 2949 1221 3030 quod
1244 2969 1301 3012 na-

344 3143 369 3210 1)
389 3143 464 3198 Turs.
484 3143 536 3202 vol,
555 3145 591 3198 ΙΙ.
610 3160 635 3211 p.
655 3145 715 3198 543.

342 3234 368 3301 2)
389 3236 468 3302 Apud
493 3235 620 3288 Plautum
648 3234 809 3304 particulam
836 3229 924 3288 ‘enirn'
953 3235 1060 3289 omnino
1088 3252 1201 3304 semper,
1229 3235 1301 3303 apud

235 3324 385 3377 Terentium
416 3327 562 3381 maximam
589 3329 693 3396 partem
721 3342 780 3380 osse
807 3327 1004 3394 affimrativam,
1032 3328 1128 3381 Petrus
1147 3326 1302 3394 Langenius

235 3416 353 3470 ostendit
371 3417 400 3470 in
419 3418 495 3487 libro,
524 3420 568 3474 oui
586 3418 724 3487 inscripsit
746 3414 881 3487 ‘Beitritge
900 3433 948 3470 zur
967 3417 1057 3471 Kritik
1074 3418 1130 3470 und
1148 3417 1301 3486 Erkliirung

236 3508 282 3561 des
294 3507 414 3562 Plautus'
435 3510 469 3578 (a.
484 3512 563 3579 1880)
582 3529 607 3579 p.
622 3514 673 3566 262
686 3527 744 3579 sqq.
781 3512 860 3578 Apud
876 3511 998 3564 nostrum
1016 3525 1123 3577 semper
1140 3508 1299 3577 explicando

234 3599 350 3653 inservit
367 3618 398 3655 ac
418 3602 446 3655 vi
465 3619 515 3656 sua
533 3603 641 3671 propria
658 3603 688 3655 in
707 3604 853 3670 composito
872 3598 988 3655 ‘etenim'
1008 3601 1108 3669 privari
1131 3617 1184 3654 non
1203 3602 1300 3667 potest.

342 3693 368 3761 3)
389 3695 435 3748 olr.
455 3695 543 3748 Hand.
562 3694 580 3748 l.
600 3711 622 3761 c,
642 3694 676 3747 Π.
697 3712 721 3763 p.
742 3696 802 3749 541.

341 3785 368 3854 4)
389 3787 436 3839 cfr.
455 3785 543 3840 Hand.
562 3785 580 3840 l.
600 3802 622 3840 c.
641 3786 677 3841 H.
696 3803 721 3855 p.
741 3788 802 3842 542.

246 3926 251 3934 ,
341 3877 368 3946 5)
386 3876 439 3931 Pro
458 3873 502 3929 ‘in'
522 3882 627 3932 veteres
655 3879 787 3948 quaedam
805 3879 936 3931 editiones
954 3876 1048 3946 legunt
1070 3870 1104 3928 ‘si
1123 3875 1159 3942 ii,
1189 3874 1298 3928 eaedem

235 3969 282 4020 *ut'
303 3968 460 4038 particulam
480 3972 585 4024 mutant
601 3970 630 4022 in
649 3971 703 4023 'id'.
741 3970 808 4024 Mihi
827 3969 915 4038 placet
943 3968 983 4022 ‘si'
1003 3967 1161 4036 pracsertim
1189 3967 1300 4034 propter

233 4059 261 4112 id
281 4061 351 4128 quod
372 4061 494 4129 sequitur
513 4077 656 4129 pronomen
676 4061 799 4130 ‘quibust
