2782 4614
678 237 718 299 46

165 424 285 487 dubito.
311 460 350 468 -
377 422 439 486 Sed
463 424 540 486 haeo
564 425 689 500 oantto;
727 422 807 485 illud
840 424 949 506 potius
974 422 1230 485 animadverten-

165 535 244 597 dum
268 535 424 596 ceterisne
447 533 482 594 in
506 533 613 596 uerbis
638 533 775 595 editores
798 531 845 593 1111
868 533 939 594 iure
965 531 1137 594 offendant.

272 642 461 725 Spengelius
486 644 571 705 eninr
598 644 633 705 111
666 647 822 704 contextu
845 639 940 703 habet
971 641 1062 703 hoec:
1102 640 1174 703 Hoc
1198 639 1230 702 (¹.

164 750 287 833 Popilio
312 753 465 832 rogatore,
489 748 577 828 Sylla
613 749 773 828 dictatore,
806 748 970 812 sublatum
1000 768 1042 812 ne
1077 747 1176 821 fieret,
1199 756 1230 808 et

163 879 275 923 omnes
292 861 349 942 qui
367 857 482 920 bonam
498 860 622 942 copiam
642 860 801 933 iurarunt,
825 877 866 921 ne
890 868 1000 934 essent
1019 859 1096 921 nexi
1123 852 1230 941 [sedllt

163 969 318 1034 dissoluti.

270 1079 445 1142 Muellerus
481 1081 587 1139 autem
627 1077 794 1140 decurrere
822 1077 911 1141 iubet
958 1078 1133 1140 orationem
1169 1078 1228 1139 sic:

163 1190 244 1253 ‘Hoc
268 1188 301 1252 O.
326 1187 462 1269 Poputto
495 1192 632 1263 auctore,
662 1184 771 1248 l'isolo
807 1187 970 1267 dictatore,
997 1186 1165 1269 ,sublatum
1190 1206 1230 1249 ne

161 1300 260 1380 fieret,
286 1309 320 1361 ut
344 1298 448 1360 omnis
473 1297 529 1377 qni
562 1295 679 1358 bonam
713 1297 837 1377 copiam
864 1299 1024 1375 iurarunt,
1059 1314 1100 1358 ne
1124 1310 1231 1359 esseut

161 1410 248 1487 nexi,
273 1406 469 1471 sedxsoluti'.
960 1384 965 1392 ’

267 1514 335 1598 Ego
360 1515 490 1578 editoris
526 1515 696 1597 utriusque
729 1516 899 1578 lectionem
932 1516 1038 1578 Inutili
1070 1516 1231 1598 genuiuae

160 1626 305 1688 lectionis
331 1626 508 1687 mutatione
531 1623 647 1686 factam
670 1626 776 1706 reicio,
801 1644 837 1688 ac
853 1624 1001 1688 Muelleri
1026 1625 1156 1707 quidem
1178 1624 1230 1688 tel

160 1755 231 1798 eam
255 1734 293 1797 ob
318 1753 449 1797 oausam
474 1734 559 1815 quod
582 1735 758 1816 particulae
783 1734 831 1797 ‘ut
859 1734 909 1798 ne’
938 1736 1023 1797 inter
1046 1735 1231 1797 seiunctae

159 1847 194 1907 in
217 1845 268 1907 his
293 1844 332 1906 de
355 1844 377 1907 l.
400 1843 420 1905 1.
440 1842 534 1905 libris
555 1845 684 1906 omnino
709 1863 774 1906 non
797 1845 1012 1907 inveniunter.
1058 1843 1170 1925 Itaque
1195 1849 1231 1905 ut

159 1973 262 2017 meam
280 1953 331 2016 vel
346 1954 453 2035 potius
469 1950 627 2032 Brunsii'2)
640 1953 680 2016 de
698 1953 842 2016 hocloco
867 1955 1051 2035 opinionem
1072 1953 1232 2036 proferam

159 2063 406 2140 πλεοναστικῶς
423 2062 551 2144 (silicet
569 2062 688 2133 diceret
714 2064 835 2127 dictum
859 2069 936 2146 puto
961 2069 991 2126 et
1008 2062 1089 2126 illud
1114 2061 1231 2125 ‘subla-

157 2179 229 2237 tum
254 2192 294 2235 ne
317 2172 416 2235 tieret'
442 2176 473 2235 et
497 2171 582 2253 quod
605 2174 751 2254 sequitur
779 2173 901 2237 ‘onmes
930 2176 985 2256 (ne
1008 2176 1116 2236 essent
1143 2171 1231 2239 nexi)

160 2282 329 2347 dissoluti’.
375 2281 428 2346 Sic
456 2283 554 2364 igitur
578 2281 673 2344 scribi
696 2283 807 2348 velim:
829 2276 913 2347 ‘Hoc
936 2334 942 2346 .
968 2333 973 2344 .
1003 2281 1166 2346 sublatum
1190 2300 1236 2344 ne‘

159 2392 258 2474 fieret,
281 2397 313 2455 et
337 2409 448 2454 omnes
473 2391 529 2472 qui
562 2390 678 2453 bonam
713 2393 836 2474 copiam
866 2395 1024 2472 iurarunt,
1059 2410 1100 2454 ne
1124 2394 1233 2454 essent

159 2503 245 2581 nexi,
269 2501 416 2563 dissoluti
440 2502 492 2572 (so.
518 2499 624 2566 suntl'.

265 2607 358 2670 Alter
381 2613 428 2670 est
455 2607 554 2687 locus,
588 2606 645 2669 ubi
668 2605 843 2671 Muellerus
876 2609 959 2671 hano
987 2609 1159 2672 formulam
1182 2627 1232 2670 re-

158 2719 264 2781 stituit
285 2716 377 2798 VIII,
401 2717 419 2797 ξ
446 2716 486 2777 10
509 2737 539 2798 p.
567 2715 641 2779 400.
687 2717 816 2781 Tradita
851 2724 959 2781 autem
995 2723 1044 2781 est
1074 2719 1232 2801 particula

159 2821 233 2908 ‘ue’,
260 2827 351 2891 loeus
381 2826 565 2902 lacunosus‚
599 2827 771 2890 verborum
805 2829 1003 2891 continuatio
1038 2846 1232 2910 magnopere

159 2936 296 2999 turbata.
342 2935 455 3018 ltaque
491 2935 578 3017 quod
607 2934 796 3000 Muellerus
816 2956 873 3020 pro
910 2936 970 3000 ‘ne’
1005 2939 1149 3020 reposuit
1184 2936 1232 3000 <ut

82 3047 84 3050 ’
159 3045 221 3126 ne',
245 3051 276 3109 et
302 3044 400 3107 verba
434 3044 681 3129 interpolavita
714 3046 834 3128 quibus
869 3048 952 3109 bano
980 3045 1152 3110 formulam
1177 3047 1232 3110 de-

158 3154 352 3238 pendentem
378 3154 498 3217 laceret
537 3152 732 3217 ‘institutum
768 3155 836 3236 est',
875 3158 947 3238 quis
986 3176 1099 3219 verum
1137 3155 1232 3217 illum

159 3264 279 3328 vidisse
302 3259 456 3343 1111111113)

268 3374 353 3443 Move
375 3373 533 3456 particula
555 3373 589 3434 in
614 3371 704 3437 libris
729 3374 768 3437 de
791 3374 810 3439 l.
835 3375 855 3436 l.
880 3397 897 3438 a
924 3375 1067 3439 Varrone
1099 3375 1232 3437 omniuo

160 3503 227 3546 nou
248 3485 388 3567 ponitur,
411 3484 446 3543 in
469 3481 532 3543 illis
556 3481 596 3544 de
619 3502 644 3545 r.
662 3503 686 3545 r.
705 3484 832 3566 scriptis
848 3485 994 3567 exempla
1009 3484 1120 3547 inveni
1135 3482 1230 3545 haee:

159 3592 185 3670 l,
211 3594 239 3672 9,
264 3591 333 3671 7(si
348 3593 388 3654 sit
404 3598 488 3655 terra
511 3590 581 3653 alba
595 3640 622 3652 ..
642 3595 821 3675 naturaque
839 3612 902 3656 non
927 3595 968 3655 sit
983 3594 1126 3657 cineritia-
1149 3611 1233 3656 neve

268 3784 295 3851 1)
314 3783 358 3836 Sic
378 3784 435 3837 ood.
453 3783 485 3836 B.
503 3782 572 3836 liber
590 3785 733 3838 admodum
752 3785 926 3855 interpolatus
945 3787 972 3839 et
991 3788 1133 3840 correctus.

198 3904 202 3912 ·
269 3874 295 3944 2)
314 3875 361 3930 olr.
379 3874 477 3928 Fontes
495 3875 547 3932 iur,
566 3874 643 3929 Rom.
662 3876 703 3929 ed.
723 3875 769 3930 IV.
788 3893 814 3945 p,
833 3877 895 3931 308.

267 3967 294 4036 3)
313 3966 353 4018 De
373 3965 545 4019 Ciceroniano
573 3966 655 4020 liuius
677 3967 805 4021 formulae
823 3982 876 4021 usu
898 3968 959 4021 vide
979 3968 1096 4036 Madvig.
1119 3968 1152 4023 ad
1174 3968 1232 4023 otc.

159 4059 194 4110 de
213 4059 258 4111 fin.
276 4057 311 4112 Il.
331 4057 442 4125 oap'20
461 4057 477 4126 ᾖ
497 4057 538 4112 04.
