2782 4614
587 271 740 350 Α,

262 457 336 522 Duo
364 463 487 524 restant
509 459 581 541 loci,
605 459 662 522 ubi
685 460 803 523 locutio
825 466 974 544 quaeest
998 460 1115 544 ‘neque
1134 462 1220 524 eninr

158 568 233 632 non'
256 574 446 652 usurpatur:

265 677 307 760 X,
335 679 354 760 ἓ
384 680 425 741 55
452 699 483 762 p.
514 678 592 757 576,
639 676 730 760 VIII,
762 677 781 764 ξ,
813 679 854 741 26
885 700 914 762 p.
944 678 1007 742 411
1042 694 1120 762 tque
1151 679 1222 742 loeo

154 793 313 874 junctura·
341 807 424 871 quae
459 793 508 852 est
531 787 607 850 ‘non
631 788 778 872 neglege'
802 808 859 872 per
880 789 993 852 litoten
1015 788 1223 872 intelligenda

160 917 230 962 esse
254 895 407 982 videtur),

268 989 408 1069 nribus
433 1006 518 1069 der.
542 1026 565 1068 r.
590 1008 772 1089 conquisivi
805 1009 912 1071 omnia
941 1008 1040 1071 huius
1067 1005 1225 1070 formulae

162 1115 318 1199 exempla,
340 1114 452 1178 haece:
479 1115 615 1198 ‘neque
636 1115 725 1178 non'
749 1116 775 1198 I,
792 1118 820 1199 9,
837 1119 872 1197 4,
896 1117 938 1200 Π,
963 1115 1087 1199 11,11,
1111 1114 1171 1194 ΙΠ,
1197 1115 1226 1197 5,

162 1226 197 1305 6,
233 1222 473 1308 1312031313
504 1244 610 1308 neque
642 1230 762 1290 aestate
794 1227 918 1291 fervido
951 1244 1075 1308 neque
1103 1226 1226 1288 hieme

160 1355 227 1398 nen
251 1333 394 1417 aprico’);
417 1333 461 1415 H,
478 1336 506 1416 2,
525 1330 602 1415 141)
648 1333 673 1416 Ι,
691 1336 720 1413 1,
742 1335 760 1397 6
785 1335 929 1418 (³quibus
951 1336 1096 1420 propitiis
1119 1353 1227 1418 neque

160 1444 276 1528 rubigo
309 1443 473 1506 frumenta
510 1438 626 1524 atque
644 1444 773 1508 arbores
806 1447 985 1528 corrumpit
1018 1453 1126 1528 neque
1159 1463 1228 1508 non

160 1554 350 1636 tempestive
372 1551 510 1634 florent’)
534 1551 595 1634 HI,
620 1554 649 1634 3,
672 1554 693 1615 4
716 1562 837 1638 (neque
860 1556 1056 1635 non'etiam)
1080 1554 1105 1636 1,
1131 1555 1182 1635 13,
1207 1553 1226 1615 6

161 1659 280 1745 (neque
315 1681 380 1725 non
412 1666 464 1753 et).
511 1660 537 1742 Ι,
568 1663 598 1742 2,
631 1664 672 1726 23
707 1661 825 1746 (neque
857 1664 929 1728 ideo
961 1665 1041 1745 non)
1081 1662 1124 1745 II,
1153 1663 1182 1746 5,
1209 1663 1228 1725 9

163 1774 283 1855 (neque
306 1791 373 1835 non
395 1773 574 1855 praeterea)

268 1880 293 1962 Ι,
319 1881 369 1960 18,
391 1881 409 1942 3
434 1882 693 1962 (nequeenim.
718 1931 724 1944 .
748 1885 839 1960 nont,
863 1881 921 1945 ubi
943 1887 1053 1945 tamen
1077 1880 1164 1944 ‘nen'
1189 1883 1226 1943 ut

164 1992 250 2075 quod
275 1991 468 2054 sententiam
490 1985 678 2073 pessumdet
701 1990 873 2054 delendum
897 2011 967 2055 esse
991 1991 1083 2054 docet
1103 1989 1228 2052 Madvi-

164 2120 221 2163 eus
244 2102 279 2162 in
302 2100 437 2163 Advers.
462 2101 530 2161 crit.
555 2100 615 2162 vol.
639 2099 680 2162 ΙΙ.
709 2120 738 2182 p.
768 2102 839 2163 180.

273 2208 316 2287 Π,
342 2210 370 2290 1,
387 2210 427 2270 22
453 2213 609 2287 (necnon
625 2210 750 2289 etiarn),
776 2209 829 2272 cfr.
845 2208 888 2292 Π,
913 2210 963 2291 10,
980 2211 1007 2272 3.
1031 2208 1090 2292 ΠΙ,
1111 2209 1161 2291 16,
1178 2208 1228 2272 26.

166 2319 191 2402 Ι,
217 2320 245 2397 1,
270 2317 290 2380 6
313 2324 386 2405 (nec
409 2338 475 2381 nen
499 2315 571 2399 ett2)
599 2318 641 2401 ΙΙ,
667 2319 717 2400 10,
743 2320 787 2380 11·
808 2331 883 2399 (nee
898 2324 1006 2383 tamen
1023 2325 1115 2393 non).
1148 2318 1175 2396 I,
1199 2319 1230 2399 4,

168 2431 186 2490 2
212 2427 394 2511 (necnon),
428 2427 480 2490 cfr.
507 2429 584 2509 6,3,
609 2430 686 2511 8,5,
714 2426 764 2510 13,
784 2431 819 2510 4,
845 2429 897 2510 20,
913 2425 976 2509 23),
1002 2430 1104 2510 35,2,
1131 2428 1229 2511 39,2;

167 2536 508 2621 4,4(1133,.11311).
554 2538 595 2620 Π,
620 2540 702 2619 2,6,
738 2539 840 2621 3,10,
876 2537 944 2620 4,3
973 2541 1047 2624 (nee
1072 2588 1077 2600 .
1102 2586 1108 2599 .
1133 2546 1230 2616 non);

167 2647 269 2711 Praef.
293 2646 323 2709 4.
355 2645 416 2725 ΠΙ,
441 2649 544 2729 2,14,
571 2646 668 2729 7,10,
695 2649 792 2728 16,8,
820 2647 934 2729 16,25.
973 2647 1049 2711 Huc
1073 2666 1138 2709 non
1161 2665 1231 2729 per-

167 2759 248 2818 tinet
277 2757 367 2819 1113113
401 2757 457 2838 qui
488 2756 582 2836 esti,
608 2756 700 2839 69,3
739 2757 833 2840 (Neo
861 2759 888 2820 si
912 2776 988 2820 eum
1012 2775 1141 2820 servare
1159 2776 1232 2819 ,non

168 2865 336 2951 potuisset'
361 2915 368 2928 .
394 2865 543 2944 ..1,11111
576 2866 657 2929 duas
685 2868 872 2950 negationes
906 2885 995 2928 more
1025 2864 1146 2928 Graeco
1174 2884 1231 2948 pre

168 2996 235 3039 una
258 2977 377 3059 positas
401 2995 471 3039 esse
495 2975 668 3039 arbitratur
691 2971 911 3063 scaligerum)

277 3085 403 3148 Falsum
427 3087 528 3167 igitur
552 3105 622 3150 esse
637 3086 758 3150 Handii
783 3088 966 3169 opinionem
987 3087 1021 3148 in
1043 3090 1149 3170 aperte
1170 3090 1231 3166 331,

279 3349 306 3419 1)
325 3344 423 3403 ‘etiam'
455 3352 526 3418 quod
554 3351 613 3404 edd.
637 3350 746 3411 addunt,
778 3349 852 3402 deest
876 3351 947 3417 apud
970 3348 1143 3409 Politianum,
1180 3348 1233 3407 Cir,

170 3439 346 3494 Franciscunr
376 3442 516 3496 Zahlfeldt.
544 3443 572 3495 in
607 3442 792 3495 dissertatione
818 3440 988 3494 Berolinensi
1021 3442 1066 3496 cui
1097 3439 1236 3516 inscripsit

170 3527 355 3596 ‘Quaestiones
384 3533 492 3586 criticae
526 3535 555 3586 in
582 3534 711 3587 Varronis
745 3549 836 3586 rerum
869 3533 1032 3586 rusticarum
1061 3532 1144 3585 libros
1171 3520 1233 3583 tres'

173 3629 208 3692 (a.
231 3625 312 3691 1881)
330 3641 357 3691 p.
376 3625 419 3680 20.

279 3718 308 3784 2)
326 3716 379 3770 Pro
397 3708 439 3770 ‘et'
470 3717 541 3784 qued
570 3716 650 3769 habet
673 3715 832 3784 Politianus,
859 3717 888 3769 in
916 3715 1078 3770 editionibus
1106 3713 1235 3781 seriptum

173 3810 214 3860 est
232 3798 341 3863 ‘etiam'.
1007 3790 1009 3795 ¹

280 3901 306 3961 3)
327 3901 375 3955 cfr.
396 3900 535 3955 Zahifeldt.
554 3899 572 3952 1:
592 3917 614 3953 o.
634 3917 659 3967 p.
679 3900 722 3955 29.

279 3991 308 4060 4)
326 3992 450 4046 Forsitan
467 3992 518 4046 heo
537 3991 625 4059 petius
638 3992 671 4045 ad
689 4008 840 4045 sermonem
853 3990 991 4057 vulgarem
1004 3987 1099 4042 referri
1110 3986 1236 4055 opolteat,

173 4083 256 4138 Plura
273 4083 433 4138 huiusmodi
446 4082 569 4151 exempla
582 4084 659 4136 affert
670 4083 791 4137 Kettner.
809 4082 849 4136 De
863 4082 917 4136 vita
929 4096 989 4148 pop.
1002 4079 1079 4134 Rom.
1098 4081 1147 4148 frg.
1161 4080 1203 4148 30,
1211 4079 1236 4132 4.
