2782 4614
710 251 771 314 100

207 439 302 501 habet
336 437 531 499 Varroniani
575 439 732 500 sermonis
770 437 930 515 notitiam3
969 437 1147 500 illiusmodi
1186 439 1274 501 enim

208 548 354 630 exempla
387 547 474 629 apud
501 551 649 610 nostrum
686 557 751 608 tam
776 547 878 609 multa
902 552 1022 626 extant,
1055 553 1092 608 ut
1115 549 1275 610 nonnulla

208 659 237 721 h.
263 657 281 718 l.
307 656 419 718 afferre
443 675 556 738 operae
580 657 720 740 pretium
745 675 810 718 non
834 674 903 719 esse
927 656 1111 738 videatur.¹)
1205 686 1208 691 ·

312 763 417 827 Locus
442 767 498 847 qui
522 772 569 828 est
592 765 630 845 V,
650 766 732 846 §so
755 767 835 848 p92
861 764 1063 848 aSpengelio
1079 766 1115 826 iu
1131 765 1271 830 editione

209 877 346 958 scriptus
363 882 411 936 est
432 875 491 936 sic:
515 865 731 938 ‘Praesidium
752 881 800 938 est
824 875 944 936 dictum
969 876 1045 956 quia
1062 880 1153 937 extra
1169 883 1274 938 castra

207 983 433 1068 praesidebant
466 984 502 1044 in
535 983 604 1044 loco
640 984 747 1066 aliquo
784 1004 846 1066 quo
875 985 974 1046 tutior
1001 987 1086 1065 regio
1111 984 1205 1047 esset'
1230 1023 1272 1030 —

209 1114 308 1177 quam
332 1093 370 1155 ab
394 1092 506 1155 eodem
530 1092 701 1177 Spengelio
725 1096 842 1157 reiecta
875 1113 944 1156 esse
968 1093 1139 1155 lectionem
1174 1114 1273 1178 supra

209 1203 285 1264 dixi.
331 1201 364 1264 Is
389 1203 474 1263 enim
498 1203 532 1263 in
556 1205 730 1284 specimine
766 1204 1026 1266 emendationum
1060 1203 1152 1284 qnod·
1176 1205 1273 1266 modo

208 1312 338 1374 laudavi
363 1309 579 1373 ‘Havniensis'
611 1313 719 1393 inquit
743 1312 784 1374 ‘et
810 1312 1000 1376 Parisiensis
1025 1332 1100 1375 cum
1123 1311 1273 1395 Scioppio

177 1433 182 1446 ·
210 1421 305 1502 ‘quod
330 1418 440 1500 extra',
464 1419 630 1483 Gothanus
650 1426 681 1484 et
699 1419 798 1484 Paris.
823 1442 848 1483 a.
866 1442 891 1484 c.
917 1421 984 1504 ‘qni
1008 1421 1123 1500 extra'3
1149 1428 1273 1485 certum
1331 1406 1334 1410 Δ

210 1530 340 1592 deloco
376 1530 572 1592 restituendo
596 1530 750 1593 iudicium
782 1551 847 1592 non
871 1530 952 1594 fecit.
1001 1530 1132 1594 Carolus
1163 1511 1273 1595 antem

210 1637 391 1702 Odofredus
415 1636 591 1701 Muellerus
622 1640 680 1702 hos
713 1646 777 1702 tres
810 1639 933 1703 codices
967 1648 1099 1703 secutus
1134 1640 1211 1722 ‘qui’
1235 1643 1271 1703 in

208 1754 362 1812 contextu
386 1750 501 1831 posuit.
526 1769 621 1829 quam
640 1748 816 1813 Florentini
841 1750 960 1812 codicis
995 1745 1074 1812 esse
1099 1750 1273 1813 lectionem

208 1859 397 1942 Spengelius
428 1862 537 1938 postea
568 1855 663 1919 Keilii
697 1858 864 1921 collatione
897 1862 1048 1942 cognovit
1083 1865 1114 1922 et
1146 1858 1272 1942 publici

208 1970 288 2032 iuris
310 1967 385 2030 fecit
408 1987 434 2028 a.
461 1963 580 2046 18582)

199 2147 202 2156 ¹
318 2077 356 2149 V,
379 2075 488 2157 §136,
511 2096 539 2157 p.
558 2076 620 2136 138
644 2076 676 2136 in
707 2075 869 2138 codicibus
893 2075 1045 2159 leguntur
1068 2078 1158 2140 haec:
1197 2077 1273 2140 ‘Ra-

209 2187 293 2251 stelli
317 2194 352 2250 ut
374 2187 498 2266 irpices,
530 2205 636 2247 serrae
659 2185 759 2262 leves3
795 2186 839 2247 ita
873 2206 937 2266 qua
972 2186 1067 2248 homo
1102 2188 1134 2248 iu
1170 2189 1274 2269 pratis

209 2317 264 2381 per
286 2297 437 2360 fenisecta
463 2312 499 2356 eo
522 2292 664 2357 festucas
689 2294 834 2358 corradit.
867 2314 929 2376 quo
962 2294 1001 2356 ab
1025 2315 1100 2358 rasu
1135 2295 1275 2360 Rastelli

209 2405 305 2469 dicti’.
331 2434 334 2442 ¹

316 2513 384 2577 ‘llo‘
410 2515 543 2575 sirecte
567 2531 601 2574 se
625 2511 727 2591 habet,
752 2514 830 2594 quin
847 2512 978 2577 uerbum
1002 2505 1145 2577 ‘rastelli’
1170 2515 1274 2597 signi-

208 2624 281 2687 ficet
305 2643 362 2705 ego
388 2642 451 2685 non
477 2622 600 2700 dubit03
637 2624 745 2703 itaque
777 2623 855 2685 alter
876 2624 930 2686 ille
954 2623 1112 2686 ablativus
1142 2625 1197 2704 qui
1223 2632 1275 2686 est

210 2733 295 2815 ‘qua’
321 2733 398 2815 quid
423 2732 483 2795 sihi
509 2733 584 2794 velit
607 2750 672 2793 non
696 2732 797 2793 video.
844 2731 906 2795 Sed
937 2732 1087 2796 facillime
1115 2734 1275 2796 mutando

316 2983 342 3048 t)
361 2982 448 3034 Aliter
466 2981 499 3032 ue
517 2982 567 3033 hoc
586 2980 644 3033 loco
663 2980 743 3032 sentit
761 2979 895 3035 Hernicus
915 2982 1044 3035 Iordauus
1064 2981 1135 3049 (Top.
1155 2998 1220 3035 rom.
1233 2982 1274 3044 ΙΙ,

209 3093 234 3142 p.
254 3073 328 3142 door
357 3067 437 3124 ‘Hinc
456 3074 594 3135 recturam
614 3071 677 3138 quia
696 3072 798 3123 ratibus
818 3073 974 3136 transibant,
994 3072 1134 3138 Quadrans
1180 3073 1222 3126 Ab
1239 3090 1275 3127 eo

208 3165 330 3218 Lucilius
349 3163 467 3230 scripsit:
498 3163 663 3229 ‘quadrantis
682 3164 762 3216 ratiti'
792 3180 872 3231 quam
904 3165 937 3217 ad
965 3167 1125 3218 sententiam
1151 3164 1194 3217 rel
1211 3164 1275 3218 ideo

209 3275 261 3312 non
285 3257 391 3317 accedo.
411 3255 480 3322 quod
500 3246 578 3322 'quia'
599 3255 733 3322 particula
750 3256 777 3309 h.
796 3255 815 3310 l.
833 3273 886 3309 non
905 3259 976 3308 recto
995 3273 1024 3310 se
1043 3258 1137 3322 habet3
1160 3261 1217 3308 tum
1238 3257 1274 3309 de

210 3349 312 3418 origine
335 3347 465 3432 ¹vocabuli
493 3347 650 3413 quadrantis
677 3347 821 3400 indicanda
847 3364 900 3400 nou
928 3339 1099 3415 cogitandum
1125 3348 1194 3400 mihi
1212 3362 1276 3401 esse

209 3441 324 3499 videtur,

316 3530 592 3598 alacarnensis.
618 3547 642 3597 p.
664 3533 705 3585 12.
729 3562 759 3568 —
789 3531 877 3584 Etiam
905 3531 1009 3583 (irothii
1032 3532 1172 3585 collatione
1196 3530 1274 3583 illam
1347 3543 1351 3552 ·

209 3625 351 3677 lectionem
370 3613 552 3676 confirmatam
572 3623 717 3689 lrabemus3
738 3624 785 3681 cfr,
805 3641 830 3691 p.
845 3621 887 3692 28,
907 3641 933 3675 n.
949 3624 1007 3676 130.
1028 3655 1061 3661 -
1090 3624 1222 3676 'Ceterum
1243 3623 1274 3675 in

210 3716 266 3768 illis
287 3715 377 3768 verbis
396 3714 573 3767 omittendum
592 3716 658 3782 est,
686 3716 757 3784 quod
782 3716 809 3767 in
832 3714 900 3768 libro
919 3714 1073 3768 Florentino
1098 3715 1190 3767 deesse
1209 3722 1276 3767 aute

210 3807 351 3861 Grothium
365 3805 522 3873 Spengelius
540 3805 599 3858 loco
618 3808 695 3860 niodo
714 3808 821 3860 laudato
841 3798 1065 3862 commemoravit
1081 3808 1116 3874 (p.
1132 3807 1186 3872 11).
1204 3799 1274 3857 ‘Lex
1364 3854 1368 3861 .

201 3887 251 3952 ¹ost
268 3899 341 3951 enim
360 3914 376 3950 a
394 3901 484 3951 nostro
503 3903 626 3951 accurate
650 3899 799 3965 observata,
824 3903 854 3950 ut
878 3915 1016 3966 nunquam
1042 3899 1070 3951 in
1096 3898 1197 3966 origine
1222 3914 1274 3950 ex-

209 3990 340 4058 pedienda
358 3989 460 4056 passivi
479 3991 591 4058 tempori
614 3991 757 4058 praeterito
782 3991 892 4043 verbum
919 3992 1119 4044 substantivum
1147 3990 1274 4043 addatur*

210 4081 334 4151 Spengel.
354 4081 382 4133 in
401 4082 504 4134 emend.
524 4099 595 4150 spoc.
615 4101 640 4151 p.
653 4084 677 4137 5.
