2782 4614
682 229 724 293 99

162 415 275 478 caudis
299 434 365 477 non
390 417 491 495 utitur
514 436 593 479 voce
614 408 732 496 ‘Quia
762 415 818 479 sed
847 434 973 500 semper
997 408 1108 498 ‘quod’
1134 417 1223 496 dicit,

160 525 237 587 hino
260 523 377 587 falsum
403 531 451 589 est
475 526 560 608 quod
584 545 654 609 pag.
680 525 743 586 229
775 525 884 610 invitis
914 525 1005 588 libris
1035 528 1224 610 scripsimus

158 626 248 704 ‘hinc
272 633 375 697 Effata
395 636 550 698 dicuntur
585 635 662 717 quia
694 633 845 717 augures'
876 640 907 697 et
929 655 998 718 pag.
1018 636 1058 696 92
1088 634 1224 699 ‘Praesi-

136 743 252 805 dium
284 748 333 806 est
356 745 485 824 dictum,
517 746 594 826 quia
626 750 716 807 extra
749 748 853 807 castra
876 743 1118 826 praesidebant'.
1164 743 1224 808 Le-

160 854 243 915 viter
265 853 343 916 haec
367 856 509 938 attigisse
532 856 601 917 viro
627 854 811 916 doctissimo
842 854 917 915 satis
949 853 1023 930 fuit3
1056 873 1115 917 nos
1147 873 1223 918 vero

162 964 316 1045 quoniam
339 965 374 1025 in
398 965 504 1027 studio
527 963 759 1048 particularum
783 981 910 1044 operam
935 963 1089 1026 collocare
1112 983 1224 1047 propo-

162 1074 295 1154 suimus,
320 1074 359 1136 de
380 1066 481 1156 ‘quia’
506 1071 663 1136 vocabulo
687 1072 781 1153 plura
804 1072 902 1135 verba
917 1071 1072 1136 faciamus
1094 1077 1223 1157 oportet.

161 1183 272 1264 Atque
296 1184 464 1246 utstatim
488 1202 647 1245 summam
680 1181 779 1244 huius
813 1183 1011 1264 quaestionis
1035 1182 1225 1264 indicemus,

162 1292 194 1352 in
232 1291 322 1354 libris
359 1293 397 1354 de
420 1293 440 1355 l.
465 1293 484 1354 l.
507 1291 663 1374 particula
698 1291 796 1353 semel
829 1291 956 1374 legitur,
990 1292 1064 1354 libri
1089 1292 1128 1355 de
1151 1312 1175 1356 r.
1201 1312 1225 1354 r.

163 1418 233 1462 earn
270 1400 395 1464 duobus
430 1402 508 1464 locis
543 1401 725 1464 ostendunt.
787 1399 899 1463 Cetera
928 1401 1028 1462 huius
1050 1401 1225 1483 particulae

162 1510 310 1592 exempla
333 1510 522 1592 corruptelis
545 1510 700 1588 laborant,
723 1529 739 1572 e
764 1509 883 1592 quibus
916 1508 993 1571 haec
1018 1511 1136 1592 optima
1158 1527 1226 1572 me·

164 1618 269 1680 dicina
293 1625 405 1681 sanata
430 1626 514 1699 sunt,
537 1620 591 1681 illa
616 1640 750 1681 manum
782 1637 856 1680 rere
891 1618 1138 1681 emendatricem
1170 1637 1226 1680 ex-

162 1731 298 1808 pectant.
343 1727 459 1811 Itaque
483 1733 521 1791 ut
544 1750 563 1791 a
586 1729 676 1792 libris
701 1729 740 1792 de
763 1729 781 1791 l.
809 1729 828 1792 l.
854 1728 1027 1800 ordiamur,

322 1837 362 1918 V,
386 1839 473 1920 544,
497 1859 525 1921 p.
544 1840 584 1900 50
609 1839 756 1901 codicum
773 1840 930 1922 scriptura
954 1843 1000 1901 est
1016 1838 1112 1899 haec:
1136 1834 1225 1898 Huic

231 1951 381 2011 vecturae
417 1950 473 2030 qui
506 1947 629 2012 ratibus
663 1947 852 2029 transibant,
887 1948 1066 2030 quadrans,
1114 1945 1152 2008 ab
1189 1964 1226 2008 eo

232 2055 376 2120 Lucilius
400 2059 527 2140 scripsit
547 2050 756 2132 ‘Quadrantis
780 2057 885 2121 ratiti’.
911 2095 953 2102 —

165 2185 262 2247 quarn
296 2167 465 2229 lectionem
502 2165 533 2228 C.
570 2165 605 2229 Ο.
641 2166 819 2230 Muellerus
854 2168 991 2228 mutavit
1024 2168 1082 2229 sic:
1132 2164 1227 2226 ‘Huic

164 2280 297 2338 vectura
331 2277 508 2357 quadrans;
546 2276 585 2339 ab
621 2296 658 2340 eo
694 2275 837 2338 Lucilius
870 2276 996 2366 scripsit
1020 2273 1227 2350 ‘Quadrantis

164 2383 260 2447 ratiti'
278 2386 355 2466 quia
371 2385 494 2448 ratibus
510 2384 707 2448 transibant’.
753 2384 921 2448 Madvicus
930 2385 951 2463 ¹)
973 2392 1078 2447 autem
1095 2382 1227 2446 ‘Scribe’

143 2494 273 2575 >inquit
296 2492 390 2576 ‘Huc,
417 2492 574 2574 rectura*
591 2497 648 2576 qui
679 2494 802 2558 ratibus
834 2494 1022 2572 transibant,
1053 2491 1227 2574 quadrans'

165 2602 184 2663 i.
209 2621 233 2664 e.
262 2613 392 2666 vectura
430 2607 479 2684 iis,
519 2606 574 2686 qui
609 2605 670 2666 huc
705 2603 886 2666 transibant
920 2602 1107 2682 (Muellerus
1142 2608 1228 2665 recte

166 2710 327 2794 'vectarat
361 2714 396 2776 in
431 2716 543 2777 ceteris
577 2714 672 2796 longe
706 2710 899 2795 aberravit)’.
937 2749 979 2756 —
1016 2708 1118 2785 Quam
1155 2730 1229 2773 con-

166 2823 325 2885 iecturam
349 2842 407 2906 ego
433 2824 564 2905 quidem
588 2822 774 2904 amplector3
799 2825 907 2884 tamen
931 2821 1017 2904 quod
1041 2825 1088 2882 est
1104 2838 1230 2882 comma

166 2933 251 2995 inter
284 2932 383 2995 verba
408 2931 503 2995 ‘Huc’
528 2938 559 2994 et
583 2932 734 2995 ‘rectura’
771 2932 859 2995 deleo
894 2949 1001 3012 neque
1030 2928 1125 2991 ‘Huc’
1155 2947 1229 2990 cum

165 3040 265 3104 verbo
305 3039 505 3105 ‘transibant'
544 3044 717 3124 coniungo,
755 3042 810 3105 sed
852 3059 926 3103 curn
968 3059 1004 3102 eo
1053 3039 1139 3122 quod
1182 3041 1230 3100 est

167 3147 328 3212 ‘vectura’.
373 3149 462 3213 Haec
479 3153 565 3214 enim
582 3153 766 3215 coniunctio
785 3151 918 3213 minime
934 3152 1044 3211 contra
1062 3149 1230 3232 ingenium

168 3259 299 3342 linguae
322 3259 456 3323 Latinae
480 3269 598 3343 peccat,
622 3261 781 3343 siquidem
815 3259 900 3342 apud
934 3257 1063 3320 Livium
1091 3257 1230 3339 legimus

169 3367 289 3452 ‘fugam
323 3369 428 3449 retro’,
463 3369 581 3452 ‘procul
617 3369 795 3453 spectator’,
828 3368 914 3450 apud
938 3366 1122 3446 Ciceronem
1152 3365 1229 3429 ‘ictu

167 3478 369 3559 comminus',
405 3479 491 3563 apud
515 3481 594 3543 alios
625 3481 688 3544 alia
713 3498 795 3562 quae
819 3479 952 3561 longum
976 3483 1025 3539 est
1048 3472 1230 3555 enarrare.²)

168 3587 202 3650 Si
226 3607 302 3651 vero
327 3590 401 3671 quis
424 3591 458 3651 in
482 3588 629 3653 liberiore
654 3590 814 3652 enuntiati
846 3587 971 3650 relativi
1004 3605 1066 3649 usu
1090 3585 1231 3665 offendit,

171 3698 257 3780 quod
297 3701 487 3780 pronomine
523 3700 771 3762 demonstrativo
803 3714 995 3778 magnopere
1033 3698 1133 3778 egeat,
1166 3713 1233 3756 non

277 3873 303 3941 1)
323 3873 370 3928 cfr.
391 3875 459 3928 Adv.
479 3874 538 3928 orit.
558 3874 576 3929 l.
596 3892 617 3928 c.
637 3891 662 3941 p.
676 3875 734 3928 167.

276 3966 303 4032 2)
322 3965 370 4020 cfr.
388 3964 488 4034 Reisig.
508 3966 548 4022 ed,
568 3964 666 4024 Haase,
702 3967 784 4033 §224
804 3967 839 4029 (n.
853 3964 904 4018 391
917 3961 995 4031 extr.)
1014 3963 1140 4031 Draeger.
1160 3962 1233 4028 synt.

169 4056 232 4109 nst.
251 4055 284 4122 12,
304 4056 375 4125 cro,
397 4077 411 4126 μ
435 4058 485 4111 131
496 4073 535 4126 sq.
1022 4123 1055 4180 7,
