2782 4614
643 233 689 343 ..23

139 439 213 509 esse
235 419 439 502 videbantur,
470 421 525 503 qui
559 438 669 483 omnes
702 421 739 482 in
770 419 926 484 vocabulo
958 428 1085 487 tanturn
1117 426 1204 508 quod

141 535 192 597 est
214 528 357 614 faliquid’
376 529 532 593 mendum
564 531 670 593 inesse
692 529 856 613 putabant.
902 528 997 595 Unus
1024 531 1203 619 Scaligerus

140 639 238 702 iniis
263 645 445 722 quaesunt
476 639 585 704 ‘causa
616 637 671 701 ibi’
707 637 872 703 offendens
906 635 1092 707 mutandam
1135 662 1204 708 csse

138 747 289 833 codicum
312 748 483 812 lectionem
507 749 642 813 coniecit
665 749 725 812 sic:
752 747 796 811 ‘in
816 749 973 813 conviviis
993 756 1029 815 ut
1042 751 1203 836 gausape?

142 910 145 914 .
212 844 217 855 ’
247 855 365 922 Mirare
402 859 526 942 ingenii
563 858 791 941 praestantiam
829 863 860 921 et
898 859 1059 924 doctrinae
1106 882 1203 945 quam

139 987 291 1053 magnam
318 969 462 1051 copiam!
508 968 595 1034 Nihil
629 965 727 1030 habes
763 968 848 1050 quod
882 973 994 1032 contra
1025 971 1204 1039 remedium

138 1076 221 1139 illud
243 1077 393 1161 proferas,
426 1078 491 1141 nisi
513 1078 595 1141 forte
618 1064 701 1140 banc
725 1081 761 1140 ut
783 1077 862 1141 alias
890 1078 1009 1142 multas
1030 1079 1118 1144 illius
1140 1082 1204 1145 viri

138 1169 342 1261 coniecturas
365 1207 431 1249 non
453 1187 650 1251 necessarias
674 1191 705 1249 et
728 1187 828 1250 nimia
850 1189 956 1271 petius
983 1190 1106 1272 ingenii
1141 1191 1203 1255 elc-

135 1296 250 1378 gantia
274 1296 474 1378 audaciaque
496 1296 598 1361 factas
621 1315 691 1360 esse
714 1297 889 1360 existimas.
935 1297 973 1360 Id
1004 1300 1092 1381 quod
1123 1299 1202 1364 Leo·

139 1404 261 1470 nardus
285 1405 477 1491 Spengelius
501 1403 701 1488 arbitratur1)
724 1407 874 1469 lacunam
894 1407 955 1470 hcc
972 1407 1042 1471 loco
1058 1413 1202 1477 statuens

137 1535 177 1597 ac
192 1515 366 1601 legendum
380 1534 563 1599 proponens
578 1515 653 1578 hcc:
680 1515 737 1580 ‘sic
754 1515 828 1596 alia3
852 1517 930 1579 item
946 1518 1088 1580 convivii
1104 1538 1203 1583 causa

138 1624 185 1706 ibi
208 1626 312 1689 multa
335 1675 341 1688 .
366 1676 373 1691 .
399 1624 418 1689 .’
880 1691 882 1695 .

247 1735 316 1820 Ego
340 1737 370 1798 h.
393 1735 412 1797 l.
436 1734 587 1797 lacunam
611 1739 642 1798 et
666 1754 761 1817 quam
787 1735 872 1798 idem
888 1734 1079 1820 Spengelius
1103 1737 1203 1800 credit

138 1822 422 1928 transpositionem
450 1843 596 1907 locorum
624 1841 676 1930 (de
701 1864 765 1926 qua
787 1845 807 1907 l.
831 1864 856 1907 c.
892 1847 1071 1910 accuratius
1103 1847 1202 1910 disse-

138 1951 218 2038 ruit)
243 1953 447 2018 statuendam
471 1972 542 2016 esse
556 1953 636 2015 mihi
655 1946 923 2036 nonpersuas132)
947 1973 1045 2036 quare
1060 1956 1202 2038 primum

141 2062 336 2128 vocabulum
360 2062 482 2126 ‘multa'
508 2064 625 2145 quippe
660 2063 746 2145 quod
780 2081 854 2125 cum
888 2064 1002 2126 ceteris
1038 2084 1121 2146 quae
1154 2083 1202 2128 se-

143 2177 300 2254 quuntur,
321 2171 461 2256 perbene
485 2172 664 2252 conveniat,
688 2189 763 2233 cum
785 2171 835 2234 his
852 2172 1116 2254 coniungendum
1132 2192 1202 2236 esse

142 2277 294 2360 censc0.3)
338 2281 419 2345 Tum
443 2300 520 2344 vero
542 2281 667 2363 reliqua
689 2279 786 2343 verba
809 2278 1006 2364 eSpengelii
1021 2282 1205 2346 coniectura

142 2390 221 2453 mihi
243 2410 310 2454 non
332 2396 418 2455 recte
442 2410 476 2454 se
498 2390 615 2454 habere
638 2390 802 2470 videntum
827 2391 946 2454 etenim
963 2411 1037 2454 cum
1055 2393 1205 2475 peristro-

141 2506 229 2563 mata
251 2505 284 2564 et
306 2503 553 2585 peripetasmata
577 2499 618 2563 ad
642 2498 783 2563 ‘causam
806 2500 957 2563 convivii'
981 2502 999 2564 i.
1016 2521 1042 2564 e.
1067 2502 1107 2565 ad
1130 2503 1205 2566 lecti

141 2609 321 2673 convivalis
361 2614 548 2692 apparatum
585 2611 774 2693 pertineant,
815 2629 874 2694 ego
910 2629 977 2673 non
1016 2611 1107 2674 video
1147 2614 1205 2693 qui

142 2717 244 2781 Varro
277 2719 327 2783 his
357 2718 521 2782 vocabulis
552 2719 669 2782 addere
697 2720 798 2801 possit
822 2718 909 2782 ‘item
938 2721 1078 2781 convivii
1107 2739 1205 2785 causa

139 2824 237 2911 ibi'.4)

250 2937 379 3001 Addere
403 2937 516 3001 debuit
538 2939 571 3001 id
589 2937 674 3020 quod
698 2955 756 3020 ego
772 2938 946 3020 legendum
972 2957 1124 3022 propone,
1148 2936 1206 3002 ‘sic

139 3046 265 3130 reliqua
287 3048 366 3110 item
389 3048 530 3110 convivii
552 3051 590 3140 ut
612 3045 772 3130 gausape'.

248 3221 274 3292 1)
294 3222 342 3277 cfr.
361 3221 482 3276 libellum
505 3222 550 3275 cni
566 3221 706 3291 inscripsit
724 3216 960 3277 ‘Emendaticnum
980 3223 1209 3277 Varronianarum

137 3313 279 3382 specimen
298 3314 320 3369 1.
340 3313 457 3384 (Monaci
476 3313 555 3384 1830)
574 3331 601 3382 p.
620 3315 662 3369 16.

146 3398 149 3403 ’
248 3405 275 3473 2)
294 3405 342 3460 clr.
361 3397 521 3459 Muellerum
541 3407 575 3460 ad
593 3405 627 3474 V,
646 3408 661 3474 ᾖ
684 3405 740 3459 105.

248 3497 275 3566 3)
294 3497 406 3551 Accedit
423 3493 567 3550 'Prisciani
585 3497 770 3551 testimonium
793 3495 839 3550 vel
857 3496 974 3551 auctoris
994 3496 1148 3566 quicunque
1166 3497 1208 3550 est

140 3589 175 3641 de
202 3589 297 3657 liguris
324 3604 507 3656 numerorum,
536 3589 583 3657 qui
610 3587 700 3643 locum
723 3588 859 3657 integrum
882 3588 914 3642 de
939 3590 1049 3657 argento
1076 3587 1207 3642 exhibuit.

140 3679 236 3748 incipit
249 3675 349 3734 ‘Multa
367 3679 498 3747 pecuniae
510 3721 516 3734 .
528 3722 534 3736 .
545 3679 566 3746 .'¹
579 3679 714 3750 (Spengel.
732 3678 751 3734 l.
764 3696 786 3734 c.
799 3696 824 3748 p.
837 3680 879 3748 16,
898 3697 924 3734 n.
944 3681 997 3750 16.)
1017 3679 1065 3735 cfr.
1081 3678 1207 3755 Hnltsch‚

140 3769 245 3826 Metrol.
265 3771 357 3840 script.
377 3770 425 3827 rel.
443 3771 479 3827 H.
499 3772 590 3842 (1866)
609 3789 634 3840 p.
653 3771 696 3826 49.

248 3863 276 3933 4)
295 3857 354 3916 ‘lbi’
375 3862 440 3932 quid
459 3863 512 3916 sibi
530 3863 598 3917 velit
615 3863 721 3930 nescim
750 3864 821 3917 certe
845 3880 899 3916 non
923 3878 986 3916 cum
1006 3861 1146 3931 Spengelio
1164 3877 1207 3914 re-

139 3955 282 4010 ferendum
301 3957 343 4010 est
361 3956 395 4009 ad
414 3955 524 4008 domurn
541 3949 580 4008 ‘in
599 3971 653 4024 qua
671 3955 757 4009 multa
774 3953 912 4024 uocabula¹
925 3951 1047 4008 convivii
1065 3968 1147 4007 causa
1164 3952 1206 4007 iu·

140 4049 222 4103 venta
239 4048 319 4105 sunt'.
681 4054 684 4061 '
