2782 4614
663 275 722 339 108

159 461 359 522 conveniunt
382 464 418 522 nt
442 461 568 542 scriptis
593 463 620 524 si
644 463 739 524 etiam
763 462 960 549 repudiantl)
984 471 1109 549 natura,
1133 469 1222 551 quod

160 570 205 630 ita
227 575 264 631 ut
288 569 406 632 dicitur
428 590 494 632 non
519 571 559 633 sit
579 591 630 634 ars
652 572 707 634 sed
720 573 835 636 artifex
850 576 1144 658 reprehendendus,
1164 580 1223 660 qui

162 678 255 742 debet
285 680 320 740 in
354 679 521 742 scribendo
558 700 620 743 non
653 682 772 745 vidisse
806 702 917 746 verum
954 704 1018 746 non
1053 686 1125 748 ideo
1153 706 1221 750 non

159 807 252 869 posse
277 789 373 851 scribi
396 789 529 852 verum'.

267 895 402 962 Duabus
437 901 533 982 igitur
563 901 601 964 de
632 902 737 964 causis
761 902 940 984 analogiam
971 904 1222 987 reprehendunt.

159 1009 302 1089 primum
323 1001 423 1091 ‘quod
448 1011 503 1092 qui
528 1011 566 1073 de
590 1029 627 1093 ea
652 1012 845 1094 scripserint,
877 1013 963 1074 inter
997 1031 1032 1076 se
1054 1033 1120 1076 non
1144 1034 1222 1077 con-

162 1117 313 1199 veniant',
338 1119 453 1182 deinde
474 1112 576 1202 ‘quod
599 1122 634 1182 in
659 1120 780 1202 quibus
802 1120 849 1183 illi
866 1125 1068 1203 conveniant,
1092 1143 1130 1186 ea
1145 1144 1220 1187 cum

161 1229 395 1291 consuetudine
438 1229 642 1312 discrepent'3
684 1249 766 1312 quae
809 1237 997 1313 argumenta
1033 1231 1136 1295 Varro
1176 1234 1222 1296 ita

161 1337 288 1418 refutat,
318 1345 353 1401 ut
384 1340 417 1401 in
453 1341 641 1403 universum
675 1359 712 1402 ea
739 1341 907 1403 transferat
942 1345 973 1404 et
1002 1361 1096 1423 qnam
1121 1363 1222 1425 prava

160 1446 236 1509 inde
260 1457 438 1529 sequantur
455 1449 659 1513 demonstret.
709 1448 815 1513 Verba
832 1456 948 1531 autem,
972 1450 1093 1534 quibus
1111 1453 1224 1533 utitur,

160 1554 227 1619 fere
252 1559 364 1621 eadem
388 1564 465 1622 sunt
489 1565 571 1642 quae
594 1558 641 1621 illi
666 1559 830 1642 analogiae
854 1566 1053 1623 accusatores
1068 1562 1131 1643 ipsi
1147 1581 1224 1625 eon-

162 1676 211 1734 tra
234 1691 305 1734 eam
333 1670 487 1749 fecerunt,
520 1671 566 1731 ita
598 1675 635 1731 nt
667 1668 705 1730 ad
738 1670 827 1751 prius
859 1687 962 1731 eorem
995 1677 1224 1753 argumentum

163 1780 353 1864 respondeat
373 1771 440 1841 ‘Sic
464 1780 551 1842 enim
574 1779 678 1841 omnis
702 1778 938 1860 repudiandum
954 1780 1014 1842 erit
1029 1781 1115 1861 artis,
1136 1782 1224 1863 quod

163 1898 194 1954 et
217 1893 251 1953 in
276 1889 434 1952 medicina
457 1890 545 1951 etin
569 1889 693 1950 musica
717 1892 747 1950 et
768 1888 804 1949 in
828 1889 898 1951 aliis
914 1889 1023 1952 multis
1040 1890 1226 1974 discrepant

162 1996 352 2080 scriptores’.
399 1997 546 2060 Alterum
570 2003 677 2060 autem
701 2016 764 2079 quo
788 1999 883 2061 modo
900 1998 1031 2076 refellat,
1054 2001 1082 2062 si
1097 2001 1226 2064 codices

163 2110 337 2192 sequimur,
373 2128 439 2171 non
473 2108 679 2190 perspicuum
716 2112 771 2170 est.
826 2108 997 2191 Augustus
1030 2127 1107 2172 vero
1142 2109 1227 2174 Wil-

162 2215 358 2303 mannsius2)
392 2219 562 2282 lectionem
585 2217 734 2279 traditam
762 2223 847 2280 recte
871 2219 1048 2281 correxisse
1072 2219 1151 2281 mihi
1174 2222 1226 2283 vi-

162 2331 256 2394 detur
280 2331 343 2393 sio:
366 2322 455 2391 titem
479 2330 514 2390 in
539 2325 657 2410 quibus
682 2328 878 2389 conveniunt
898 2328 1032 2410 scriptis,
1056 2329 1227 2393 scientiam

160 2439 333 2522 repudiant
357 2435 540 2507 naturae’‚3›
587 2436 637 2498 Ita
668 2436 752 2498 enirn
788 2437 947 2518 particula
976 2429 1077 2500 titem’
1105 2439 1227 2501 intelli-

159 2549 265 2633 genda
289 2553 346 2624 est,
371 2553 407 2611 ut
431 2548 515 2610 sicut
538 2565 663 2629 semper
685 2547 760 2622 fere,
786 2545 902 2610 similia
926 2545 1086 2610 similibus
1110 2547 1226 2612 adiun-

158 2665 226 2743 gat3
250 2659 283 2720 id
308 2659 395 2741 quod
419 2657 594 2721 Muellerus
618 2661 650 2720 et
673 2650 864 2733 Madvicus4)
890 2655 1048 2733 viderunt,
1080 2655 1224 2741 Spenge-

159 2768 222 2831 lius
245 2770 279 2829 in
303 2768 440 2830 editione
465 2787 541 2830 sane
564 2768 681 2829 mirum
705 2767 739 2827 in
763 2764 894 2828 modum
919 2763 1095 2846 neglexitfi)

267 2877 403 2959 Reliqua
441 2877 538 2939 huius
577 2877 640 2939 loci
677 2875 776 2938 verba
811 2879 848 2937 ut
883 2875 989 2937 statim
1027 2894 1223 2959 recenseam,

160 2987 350 3071 Spengelins
383 3007 449 3049 non
479 2992 563 3049 recte
597 2985 795 3048 intellexisse
826 2984 906 3046 mihi
929 2984 1066 3047 videtur.
1112 2985 1224 3051 Liceat

160 3098 239 3160 mihi
270 3097 377 3159 locum
412 3115 452 3158 ex
485 3097 554 3159 eius
586 3096 844 3177 interpunctione
875 3095 993 3156 iterum
1026 3094 1222 3160 describere:

157 3199 259 3290 ‘quod
294 3212 325 3269 et
356 3207 391 3268 in
424 3205 582 3268 medicina
612 3210 644 3267 et
675 3205 709 3265 in
741 3204 865 3266 musica
896 3209 927 3266 et
959 3204 993 3265 in
1017 3204 1087 3266 aliis
1111 3204 1224 3270 multis

160 3317 344 3399 discrepant
381 3316 550 3397 scriptores
584 3315 669 3395 item,
703 3315 735 3375 in
777 3310 896 3396 quibus
935 3314 1142 3395 conveniunt,
1178 3321 1225 3397 ut,

269 3475 294 3546 l)
313 3474 358 3528 Sic
378 3491 445 3528 corr.
464 3474 493 3526 in
511 3473 540 3529 F.
560 3489 595 3526 ex
612 3467 766 3540 ‘repudiat';
786 3471 833 3523 cfr.
854 3469 945 3524 Groth.
965 3487 990 3537 p.
1009 3471 1053 3525 62.

267 3565 296 3637 2)
313 3562 363 3619 ‘De
377 3565 400 3617 ll
407 3564 658 3619 ‚Terentillamonis
671 3561 936 3631 librisgramrnaticis
948 3561 1102 3630 particula’;
1115 3562 1224 3619 dissert.

159 3657 246 3714 Bonn.
266 3674 289 3711 a.
310 3659 389 3725 1863,
408 3658 489 3725 pla

267 3748 294 3818 3)
313 3750 383 3803 Male
401 3748 560 3802 Muellerus:
578 3741 653 3801 ‘item
671 3747 700 3800 in
719 3746 817 3815 quibus
830 3746 1002 3814 conveniunt,
1021 3746 1129 3814 scriptis
1140 3746 1225 3801 etiam

164 3844 296 3910 repugnat
313 3840 425 3896 natura'.

265 3934 293 4003 4)
312 3935 382 3988 Adv.
402 3933 461 3986 crit.
480 3950 505 4001 p.
526 3934 586 3987 177.

267 4026 294 4094 ὃ)
314 4026 458 4094 Coniungit
476 4025 548 4078 enini
566 4020 647 4093 ‘quod
664 4027 691 4077 et
710 4024 738 4076 in
757 4022 910 4077 medicina.
931 4068 937 4080 ,
958 4065 963 4076 .
984 4021 1137 4090 discrepant
1155 4022 1225 4076 scri-

160 4119 250 4184 ptores
267 4118 348 4171 item'.
