2782 4614
673 249 713 311 79

159 441 246 525 quod
270 440 380 504 Scalae
403 445 434 503 et
457 441 571 522 Aquae
595 437 720 518 Oaldae,
743 439 895 520 pleraque
904 442 921 527 1)
952 438 1008 517 [so.
1038 436 1221 499 huiusmodi

161 549 328 625 voeabula)
353 569 435 613 oum
460 569 575 612 eausa
599 546 816 610 multitudinis
839 546 1005 610 vocabulis
1030 547 1094 609 sint
1117 545 1224 628 appel-

160 660 225 722 lata
248 678 353 742 neque
377 678 487 723 eorum
512 657 690 741 singularia
714 657 749 718 in
772 676 870 719 usum
887 658 1046 719 venerint:
1071 657 1223 738 idemque

159 772 237 832 item
262 768 392 832 eontra’.
933 836 937 844 ¹

268 878 320 942 Sio
344 880 430 942 enim
447 857 551 940 Varro
576 895 702 959 semper
725 875 923 938 anomalistis
942 874 1136 957 obloquitur,
1159 875 1179 938 i.
1198 892 1224 936 e.

161 989 326 1070 analogiae
351 988 500 1051 defensor
523 988 642 1066 existit,
665 991 702 1048 ut
717 987 751 1046 in
769 984 918 1047 omnibus
942 984 1061 1067 quibus
1076 985 1124 1047 illi
1140 984 1223 1046 hano

162 1098 298 1162 labefaot
286 1102 405 1160 ttare
377 1098 517 1171 student
495 1101 582 1158 tra
584 1097 704 1158 tionem
734 1095 785 1158 vel
809 1113 939 1157 oausam
962 1096 1069 1157 inesse
1093 1094 1224 1156 demon-

163 1213 315 1271 stret—
340 1205 402 1270 Sed
426 1205 565 1268 offendat
587 1205 721 1268 forsitan
745 1204 893 1287 aliquis'
885 1224 920 1266 ιιι
944 1224 989 1285 eo,
1014 1203 1100 1286 qnod
1120 1201 1224 1264 Varro
1282 1219 1285 1225 ·

162 1318 203 1379 ad
235 1317 491 1378 adversariorum
523 1315 780 1377 sententianaet
812 1313 899 1395 quod
934 1318 1006 1396 prot
994 1313 1139 1376 tulerunt
1169 1331 1225 1374 ex-

163 1417 681 1509 emplum‘Balneae-Balneum’
695 1443 759 1486 uon
773 1422 909 1503 accedat,
922 1424 977 1486 sed
988 1424 1059 1486 aliis
1068 1423 1225 1505 exemplis

164 1555 276 1598 eorum
302 1534 485 1617 opinionem
509 1532 634 1595 refutet.
681 1531 926 1607 Quamobrem
945 1531 977 1596 C.
997 1531 1032 1595 Ο.
1049 1531 1225 1595 Muellerus

163 1645 411 1727 transpositione
427 1642 599 1705 verborum
611 1642 705 1725 longe
718 1642 817 1705 aliurn
831 1643 1063 1704 sententiarum
1081 1641 1225 1703 ordinem

162 1754 312 1833 restituit,
336 1752 422 1835 quod
446 1757 531 1814 reete
554 1751 667 1814 fecisse
691 1750 820 1813 videtur
842 1748 1024 1833 Madvico,2)
1058 1746 1144 1833 quod
1168 1770 1225 1834 ego

161 1865 293 1946 penitus
315 1861 459 1944 reprobo.
504 1860 588 1923 Nam
609 1861 713 1924 Varro
737 1863 1000 1925 anomalistarum
1025 1862 1227 1941 sententiam,

163 1973 208 2049 ita
231 1976 268 2034 ut
290 1991 348 2054 par
371 1976 419 2034 est
442 1975 473 2034 et
496 1971 668 2033 eonsilium
684 1991 797 2034 eorum
812 1972 961 2054 postulat,
984 1973 1018 2033 in
1036 1972 1226 2034 universum

164 2082 230 2143 diet
218 2086 283 2144 tam
307 2100 377 2143 esse
401 2087 496 2162 atque
521 2082 652 2142 omnino
677 2080 717 2142 ad
741 2081 877 2163 pluralia
901 2085 931 2143 et
954 2081 1133 2163 singularia
1155 2100 1226 2162 per-

60 2247 63 2251 ,
164 2193 267 2254 tinere
291 2191 375 2253 exist
377 2190 467 2250 imat
462 2184 495 2267 3)
529 2209 625 2270 quam
648 2190 939 2273 reprehensionem
970 2194 1126 2272 utsupra
1150 2189 1228 2269 dixi

164 2300 210 2362 ita
232 2298 350 2361 refutat
380 2303 572 2361 uteausanr
595 2299 624 2382 (i
651 2318 675 2361 e.
700 2297 898 2365 rationem)
890 2319 925 2360 ιιι
956 2299 1153 2381 appellandis
1176 2298 1228 2362 his

164 2407 351 2471 notionibus
368 2408 509 2470 valuisse
526 2407 618 2488 dieat,
597 2412 672 2470 tae
688 2409 827 2490 primum
844 2408 997 2490 quidem
989 2428 1024 2470 ιιι
1040 2407 1227 2492 pluralibus

165 2516 291 2594 Deinde
314 2537 389 2579 oum
413 2517 498 2579 dieat
518 2509 682 2598 ‘idemque
704 2517 781 2579 item
807 2516 927 2580 contra'
945 2517 1121 2601 singularia
1136 2519 1229 2581 intel-

164 2627 245 2709 ligit,
277 2627 315 2688 de
347 2625 466 2708 quibus
496 2627 604 2688 omnia
636 2626 746 2689 eadem
771 2646 854 2708 quae
879 2627 918 2690 de
941 2626 1120 2710 pluralibus
1145 2627 1228 2689 dieta

167 2736 242 2815 sint,
264 2736 451 2816 responderi
473 2737 606 2817 possint.
652 2733 735 2797 Nam
760 2735 800 2796 ad
818 2736 917 2798 verba
939 2737 994 2799 illa
1013 2736 1228 2819 supplendum

166 2863 236 2922 esse
257 2836 455 2926 ‘responderi
478 2844 591 2927 potest
626 2849 770 2926 apparet3
805 2846 876 2929 ipsa
911 2865 952 2907 an
954 2851 1019 2908 tem
1050 2847 1095 2906 ita
1127 2845 1228 2927 expli·

167 2953 271 3015 canda
295 2959 379 3034 sunt
401 2945 547 3016 ut‘Cont
535 2959 583 3016 ra
587 2946 620 3014 4)
644 2953 684 3016 ad
707 2952 891 3036 Singularia
905 2953 987 3017 Tant
974 2959 1043 3017 tum
1065 2955 1227 3036 respiciat3

162 3053 279 3125 ‘Idem’
304 3082 342 3124 ea
364 3062 522 3145 significet
542 3082 625 3144 quae
645 3064 684 3126 de
699 3063 878 3145 pluralibus
895 3065 959 3127 diet
946 3070 979 3127 ta
998 3063 1100 3140 sunt';
1063 3055 1228 3126 tltem'

166 3172 246 3235 haee
270 3172 308 3236 de
332 3171 552 3255 singularibus
581 3191 712 3255 quoque
735 3173 842 3235 valere
865 3173 994 3236 indicet.

273 3279 332 3361 IX,
357 3282 375 3362 ξ
401 3282 441 3343 26
465 3303 494 3365 p.
519 3283 583 3344 473
614 3282 739 3344 eodioes
762 3281 916 3344 exhibent
939 3283 1028 3345 haee:
1063 3283 1146 3345 ‘oum
1171 3303 1228 3346 sex

275 3439 301 3508 1)
320 3437 365 3491 Sio
384 3455 444 3508 eg03
464 3440 540 3493 codd.
561 3438 695 3508 ‘pleraque
714 3438 798 3506 quae'.

275 3530 302 3598 2)
320 3530 389 3583 Adr.
409 3530 467 3584 orit.
486 3529 504 3584 l.
524 3545 546 3584 e.
566 3547 590 3598 p.
612 3529 663 3582 176
682 3544 720 3597 sq.

275 3622 302 3688 3)
322 3622 362 3674 De
376 3621 527 3675 omnibus
539 3620 694 3673 huiusmodi
707 3621 798 3674 verbis
812 3637 1027 3676 sermonamesse
1036 3619 1229 3674 otiamMadvi-

166 3729 217 3766 eus
224 3711 340 3766 censetl.
349 3728 370 3765 o.
378 3730 403 3781 p.
412 3714 471 3766 177.
482 3711 535 3766 Sed
542 3727 603 3764 oum
611 3729 643 3766 ea
649 3713 682 3766 do
689 3728 771 3766 causa
776 3712 904 3765 vitiosum
913 3728 971 3766 esse
979 3715 985 3741 ⁶
988 3711 1151 3783 pleraque’
1158 3712 1230 3765 arbi-

166 3805 262 3872 tretur,
276 3819 324 3872 ego
336 3802 484 3857 Varronem
506 3806 583 3857 caute
595 3805 685 3872 potius
698 3805 724 3855 et
731 3803 877 3870 prudenter
891 3803 1011 3856 loentum
1030 3820 1089 3858 esse
1107 3804 1231 3860 exstimo.

274 3893 301 3960 4)
319 3891 378 3945 Hoo
396 3893 510 3946 verbum
529 3892 594 3961 quid
613 3891 665 3944 sibi
684 3890 750 3944 velit
772 3891 801 3943 in
819 3891 944 3945 Muelleri
971 3893 1004 3946 de
1023 3893 1073 3946 hoo
1091 3893 1150 3946 loeo
1169 3908 1230 3945 sen-

75 4012 97 4049 ·.
170 3984 264 4050 tentia,
283 3983 386 4042 neseio:
405 3985 464 4052 ipse
477 3983 621 4037 Madvieus
640 3982 667 4033 in
687 3981 777 4034 verbis
796 3976 931 4050 ‘idemque
949 3984 1014 4037 itom
1034 3982 1132 4036 eontra’
1153 3982 1230 4034 dubi-

164 4074 295 4128 tationem
313 4073 430 4141 relinqui
451 4074 557 4127 fatetur.
