2782 4614
718 266 759 343 28

201 456 307 525 sitnm
337 453 390 517 vel
422 449 461 514 ab
494 471 560 515 uno
591 452 632 515 ad
664 454 846 538 multiplum
876 456 1038 536 transitur,
1071 456 1208 541 simplex
1237 459 1269 520 in

206 565 327 647 protasi
359 562 508 626 collocari
545 561 704 646 oportetl)
758 562 847 639 Quae
874 583 948 627 cum
975 566 1020 628 ita
1042 567 1107 628 sint
1130 586 1167 628 ac
1190 568 1270 648 ratio

206 692 339 756 prorsus
363 673 510 755 postulet,
533 674 568 736 in
590 674 651 736 hac
674 676 910 757 comparatione
934 681 970 738 ut
992 675 1069 739 haec
1093 677 1271 759 quaemihi

206 783 311 867 placet
333 780 506 845 verborum
528 781 585 845 fiat
608 789 767 847 structura
785 821 825 830 -
843 785 1001 848 sententia
1024 786 1111 848 enim
1127 787 1269 867 relativa,

203 912 353 976 eaquae
377 913 397 955 a
421 891 525 955 ‘sicut’
548 894 706 976 particula
728 895 849 977 incipit,
873 899 909 957 ut
933 913 1015 976 quae
1037 898 1145 958 mente
1169 897 1270 979 quod·

203 1003 282 1067 dam
317 1003 407 1086 prius
445 1007 634 1086 conceptum
671 1004 842 1085 contineat,
877 1010 951 1068 ante
986 1004 1271 1069 demonstrativam

205 1112 325 1175 habeat
347 1112 456 1174 locum
480 1116 603 1195 oportet
625 1148 678 1192 —,
712 1111 796 1174 bano
826 1131 884 1196 ego
917 1133 1021 1177 meam
1053 1116 1270 1180 coniecturam

204 1222 255 1285 illi
278 1241 378 1304 quam
402 1221 539 1285 editores
570 1222 605 1283 in
628 1226 816 1284 contextum
848 1230 1045 1307 receperunt,
1077 1228 1271 1307 anteponere

206 1351 274 1394 non
293 1330 412 1393 dubito,

315 1460 352 1523 In
378 1461 490 1524 eodem
522 1459 581 1524 boo
608 1460 690 1524 libro
713 1460 755 1526 X.
791 1463 818 1524 si
850 1461 1058 1545 Spengelium
1092 1466 1270 1548 sequimur,

206 1573 291 1634 banc
322 1571 512 1654 particulam
546 1570 677 1653 praebet
715 1573 805 1635 locus
834 1573 890 1654 qui
924 1578 972 1635 est
1006 1573 1100 1654 545,
1131 1595 1161 1657 p.
1188 1574 1268 1636 5l0:

204 1681 332 1744 ‘Unum
355 1731 361 1744 .
386 1731 393 1742 .
417 1731 423 1743 .
448 1681 494 1743 sic
518 1684 578 1742 est:
612 1717 655 1725 —
679 1686 715 1743 nt
738 1700 840 1743 unum
865 1682 904 1744 ad
929 1682 1001 1762 duo,
1027 1684 1072 1745 sic
1095 1684 1205 1748 decem
1229 1683 1270 1746 ad

205 1793 332 1875 viginti.
379 1792 527 1853 Alterum
553 1840 558 1853 .
584 1811 604 1851 .:
630 1792 714 1853 sicut
737 1796 785 1853 est
808 1811 913 1854 unum
936 1792 976 1871 ad
993 1792 1065 1863 duo,
1086 1794 1133 1856 sic
1149 1794 1212 1856 duo
1230 1794 1270 1856 ad

204 1901 381 1986 quattuor'.
429 1899 460 1963 O.
479 1897 514 1962 O.
532 1898 704 1963 Muellerus
728 1900 846 1963 rectius
863 1901 941 1963 milri
965 1880 1105 1966 scribere
1126 1904 1267 1966 videtur:

204 2012 280 2077 ‘sict
305 2017 341 2075 ut
364 2061 370 2074 .
396 2060 402 2072 .
426 2010 452 2072 .’.
476 2046 519 2054 -
543 2008 663 2071 Eadem
680 2009 803 2072 ratione
822 2009 856 2072 hi
873 2011 1008 2075 editores
1025 2012 1178 2076 differunt
1192 2014 1269 2076 ibid.

203 2124 303 2207 gib,
337 2142 366 2205 p.
392 2119 464 2184 573.
522 2118 713 2203 Spengelins
753 2121 839 2183 enim
878 2120 1001 2184 scribit:
1043 2121 1093 2185 ‘Iu
1127 2125 1270 2188 oratione

205 2251 339 2317 qnoque
362 2248 610 2314 nonnumquam
634 2230 819 2310 reperietur,
843 2231 928 2293 sicut
952 2229 1123 2296 Diomedes
1147 2233 1270 2297 confer-

205 2348 263 2407 tur
285 2380 337 2423 -,
370 2343 416 2406 sic
447 2340 562 2402 dicitur
590 2337 629 2400 ab
653 2337 812 2403 Hercules
835 2338 969 2404 Herculi
993 2345 1024 2405 et
1045 2339 1269 2419 Herculibus’;

206 2453 266 2517 ubi
289 2451 428 2515 eundem
451 2448 645 2512 Muellerum
677 2448 796 2510 rectius
820 2450 984 2532 scripsisse
1016 2455 1093 2533 puto
1127 2450 1185 2511 sic:
1221 2448 1271 2511 ‘In

205 2563 351 2626 oratione
391 2577 520 2642 qnoque
556 2575 792 2639 nonnunquam
828 2560 1017 2641 reperietur,
1053 2561 1111 2623 sic:
1152 2565 1188 2622 ut
1219 2597 1271 2641 —,

204 2675 284 2736 sic.
309 2667 458 2750 ..12)-

314 2799 420 2863 Venio
445 2798 486 2862 ad
502 2796 657 2860 Varronis
673 2797 712 2860 de
735 2817 760 2860 r.
784 2818 809 2860 r.
826 2796 933 2877 libros,
956 2800 990 2860 in
1012 2791 1129 2881 quibas
1145 2801 1197 2863 1116
1214 2802 1270 2883 qni

206 2912 299 2974 locus
324 2915 372 2973 est
395 2909 420 2990 Ι,
445 2907 497 2985 23,
533 2911 551 2970 5
587 2906 739 2971 ‘Idoneus
763 2907 854 2972 locus
883 2908 1059 2992 eligendus,
1093 2909 1150 2972 nbi
1171 2910 1271 2975 facias

207 3021 360 3084 salictum
384 3024 416 3082 et
439 3018 678 3092 arundinetum,
708 3020 753 3082 sio
777 3019 839 3081 alio
863 3037 946 3101 quae
969 3018 1140 3083 humidum
1162 3021 1272 3084 locum

206 3134 381 3213 quaerunt
428 3125 545 3190 Contra
568 3126 625 3190 ubi
647 3134 771 3211 segetes
794 3129 1030 3209 frumentarias,
1054 3125 1135 3191 nbi3l
1164 3126 1272 3191 fabem

206 3241 412 3325 potissimum
437 3257 532 3301 seras.
579 3237 659 3300 Item
684 3238 747 3300 alia
770 3256 852 3320 qnae
875 3238 964 3300 arida
986 3238 1056 3301 loca
1079 3242 1272 3321 sequuntur,

205 3352 294 3415 sicut
316 3347 478 3412 umbrosis
501 3346 579 3410 locis
601 3346 663 3410 alia
686 3366 773 3411 seras
797 3385 849 3428 —,
872 3353 902 3412 et
925 3350 1039 3433 apricis
1064 3353 1099 3411 ut
1121 3346 1165 3409 ibi
1183 3365 1272 3410 seras

214 3609 216 3613 '
316 3599 343 3666 1)
363 3599 410 3653 olr.
429 3599 575 3654 sententias
593 3591 665 3652 ‘nam
684 3613 764 3666 quarn
783 3590 912 3650 rationem
932 3599 985 3651 duo
1004 3597 1038 3651 ad
1060 3613 1146 3649 unum
1165 3595 1271 3662 habent,

205 3691 322 3744 eandem
341 3690 440 3743 habent
457 3691 554 3760 uiginti
578 3693 612 3745 ad
637 3689 737 3743 dccern'
762 3720 796 3729 -
819 3685 853 3743 ‘si
876 3689 1021 3744 contuleris
1046 3704 1108 3742 cum
1131 3704 1185 3740 nno
1211 3688 1272 3752 dno,

205 3782 247 3836 sic
266 3798 329 3834 cum
348 3781 440 3834 decern
459 3783 572 3850 viginti’.

315 3875 341 3935 2)
352 3871 495 3926 Librorum
514 3873 608 3932 11111,
627 3874 756 3942 reliquiae
774 3868 861 3928 ‘sicut'
882 3889 934 3927 uno
953 3873 1003 3926 hoc
1022 3871 1080 3926 loco
1100 3869 1273 3938 comprobant

203 3952 271 4017 libri
289 3963 376 4017 tertii:
395 3957 482 4017 ‘Sicut
499 3967 576 4018 nocet
594 3967 725 4034 panthera
742 3967 769 4019 et
786 3965 836 4019 lea‘
857 3966 909 4034 (ap.
928 3964 1023 4019 erm.
1042 3981 1067 4032 p.
1088 3963 1150 4027 150,
1169 3963 1205 4028 61.

210 4058 214 4067 ’
315 4057 343 4126 3)
362 4055 407 4111 Sic
425 4054 589 4125 Politianus3
607 4051 661 4110 ‘ibi’
682 4056 790 4117 Gesner.
