2782 4614
674 296 715 359 95

161 486 243 549 nihil
274 487 308 548 in
342 484 458 547 tradita
489 484 626 546 lectione
661 483 869 562 desideratur,
901 491 938 547 ut
970 504 1048 547 sane
1072 504 1219 565 magnam

162 594 310 657 Muelleri
333 593 501 655 libidinem
524 595 686 656 miremur.

213 714 215 718 “
267 702 357 782 vrri,
389 703 407 784 ξ
433 703 472 763 21
507 724 537 786 p.
563 703 626 765 406
660 704 694 763 in
726 701 910 765 Florentino
942 702 1050 765 codice
1083 703 1222 785 legimus

161 815 254 877 haec:
277 805 344 875 ‘Sic
360 817 425 875 tres
441 832 515 875 cum
533 818 681 875 emerunt
695 811 814 894 Ephesi
830 813 975 895 singulos
999 831 1118 888 servos,
1142 830 1223 873 non·

163 941 344 1004 numquam
369 922 450 985 alius
475 921 614 985 declinat
637 939 755 983 nomen
779 922 818 984 ab
842 942 879 984 eo
905 923 961 1004 qui
984 918 1130 1000 venditu
1160 921 1222 981 Ar·

160 1032 347 1111 temidoruS,
371 1032 722 1113 atque'Artemidorum
743 1030 896 1113 appellat’.
932 1028 1042 1093 Codex
1057 1029 1223 1091 Havnien·

96 1150 98 1154 ’
161 1143 207 1204 sis
230 1141 360 1204 exhibet
380 1132 491 1223 tatque
508 1142 673 1204 Artemam
697 1140 854 1224 appellat,
878 1141 962 1203 unde
984 1138 1015 1202 Ο.
1034 1138 1070 1203 Ο.
1089 1138 1222 1201 Muelle-

161 1270 218 1313 rus
250 1251 370 1332 colligit
402 1249 608 1313 scribendum
640 1269 723 1313 esse:
754 1242 866 1332 ‘atque
890 1251 1131 1312 Artemidorum
1155 1249 1222 1310 sive

161 1365 329 1422 Artemam
353 1359 508 1442 appellat’.
556 1359 659 1434 Quam
680 1361 896 1423 coniecturam
912 1361 988 1422 satis
1011 1359 1112 1422 habeo
1137 1377 1222 1421 com-

162 1488 365 1550 memorasse,
387 1470 526 1533 refutare
551 1489 616 1532 non
640 1490 720 1554 opus
744 1476 800 1534 est.

269 1578 331 1642 Sed
367 1579 405 1642 de
440 1580 489 1641 his
523 1579 614 1644 libris
650 1583 725 1643 satis
761 1580 918 1657 diximum
954 1580 990 1639 in
1025 1577 1153 1659 quibus,
1187 1581 1223 1637 ut

161 1709 323 1751 summam
346 1689 512 1769 seriumne,
543 1692 603 1751 tria
635 1695 745 1752 extant
769 1695 855 1751 certa
876 1686 1051 1771 particulae
1075 1686 1222 1767 exempla

165 1796 208 1878 X,
233 1799 310 1878 §58
334 1819 363 1881 p.
382 1800 460 1869 5783
485 1798 560 1879 VH,
584 1798 663 1879 §44
686 1820 714 1882 p.
735 1797 815 1876 3303
840 1798 879 1878 V,
903 1795 981 1881 §59
1005 1816 1033 1878 p.
1052 1795 1114 1875 64),
1139 1812 1222 1876 quae

160 1908 271 1969 omnia
293 1907 464 1971 formulam
487 1909 642 1991 praebent
662 1901 743 1972 ‘sive
767 1945 809 1952 -—
834 1908 919 1972 sive’.

269 2015 375 2091 Quam
398 2019 532 2083 eandem
565 2019 735 2081 formulam
758 2020 793 2079 in
816 2018 907 2080 libris
938 2017 977 2079 de
1000 2037 1024 2077 r.
1048 2035 1072 2077 r.
1095 2013 1221 2075 inveni-

161 2146 234 2189 mus
268 2127 310 2208 II,
342 2130 410 2208 t,3;
448 2136 479 2192 at
503 2131 559 2211 qui
582 2135 630 2191 est
652 2129 744 2191 locus
778 2127 927 2207 11‚1,22
964 2126 1019 2209 qui
1054 2123 1151 2205 vulgo
1176 2122 1221 2182 sic

160 2237 291 2319 legitur:
314 2229 385 2320 tqui
409 2240 477 2302 sive
501 2257 542 2302 ex
567 2244 658 2302 aestu
681 2241 749 2301 sive
773 2257 790 2300 e
813 2236 921 2299 labore
948 2236 1070 2300 febrem
1093 2231 1221 2295 babent’

159 2364 236 2410 eum
262 2350 373 2429 utique
397 2349 437 2411 ud
454 2347 604 2411 Politiani
627 2349 797 2411 lectionem
813 2347 1031 2409 revocandum
1055 2363 1125 2408 esse
1148 2362 1222 2406 cen·

160 2476 215 2519 seo
236 2449 308 2538 ‘qui
330 2458 440 2520 labore
462 2457 584 2522 febrem
608 2454 770 2524 habent’.²l

268 2565 406 2649 Reliqua
437 2568 535 2631 huius
567 2569 740 2651 particulae
769 2569 916 2650 exempla
947 2573 1024 2630 sunt
1054 2567 1144 2628 haec:
1179 2563 1222 2644 Il,

165 2675 263 2754 11,5;
288 2675 345 2755 ΙΙΙ,
372 2677 399 2756 7,
413 2677 446 2737 5:
485 2684 658 2761 utrumque
681 2679 889 2741 vehementer
912 2675 1102 2757 ambiguum
1126 2679 1221 2754 atque

159 2784 393 2848 addubitatum.
441 2786 500 2849 Ille
524 2788 608 2850 enirn
634 2788 723 2850 locus
740 2788 878 2849 traditus
895 2790 942 2848 est
965 2785 1025 2847 sic:
1048 2776 1221 2846 ‘trammae

159 2895 247 2956 enim
271 2897 372 2959 rumis
395 2896 463 2959 sive
486 2898 651 2959 ruminare
681 2902 715 2958 ut
737 2897 865 2978 antiqui
888 2894 1046 2969 dicebant,
1069 2913 1087 2955 a
1110 2892 1219 2972 rumi’;

158 3002 258 3085 vulgo
282 3004 399 3087 legitur
422 3006 480 3068 sic:
515 2999 686 3069 ‘mammae
709 3007 795 3069 enim
819 3005 920 3067 rumis
945 3005 1012 3066 sive
1035 3022 1155 3082 ruinae,
1184 3009 1221 3066 ut

160 3113 286 3195 antiqui
310 3115 466 3191 dicebant,
492 3136 510 3177 a
532 3114 635 3178 rumi’.
681 3117 730 3178 Ac
752 3117 892 3198 primum
928 3112 1053 3176 offendo
1088 3115 1121 3175 in
1149 3135 1221 3196 par·

157 3223 259 3285 ticula
279 3217 372 3288 ‘sive'
396 3225 424 3286 h.
441 3226 460 3287 l.
477 3227 522 3288 ita
544 3227 655 3307 posita,
680 3232 715 3287 ut
731 3225 835 3287 valeat
854 3217 972 3300 ‘vel’33l
996 3223 1112 3285 deinde
1131 3221 1222 3283 locus

160 3333 217 3413 qui
241 3339 290 3395 est
324 3333 366 3414 ss,
391 3335 419 3410 1,
434 3333 474 3395 20
507 3325 664 3421 (antiquo
689 3384 694 3396 .
720 3385 726 3398 .
751 3333 907 3397 vocabulo
943 3352 1083 3394 mamma
1109 3332 1223 3411 rumis,

159 3443 197 3508 ul
221 3442 370 3528 uulneri,
404 3444 582 3510 Varronem
606 3450 692 3507 vetat
714 3444 768 3506 illo
792 3445 861 3506 loco
896 3462 963 3504 non
992 3440 1129 3503 dubium
1153 3458 1222 3502 esse

159 3550 200 3613 de
234 3554 337 3616 rumis
372 3553 521 3616 vocabuli
554 3556 637 3639 apud
672 3556 821 3636 antiquos
850 3550 1092 3635 significatione.
1138 3548 1220 3612 Tum

160 3679 237 3723 vero
270 3681 378 3726 nonne
410 3664 556 3746 ineptum
591 3684 627 3726 ac
660 3683 792 3746 prorsus
820 3663 995 3725 ridiculum
1019 3665 1067 3723 est
1098 3660 1217 3722 dicere:

154 3760 273 3834 ‘rumis
297 3792 316 3834 a
338 3771 456 3835 rumi’P
502 3772 616 3855 Itaque
634 3779 819 3855 corruptum
837 3791 907 3835 esse
923 3772 1031 3833 locum
1046 3769 1098 3831 vel
1114 3767 1221 3849 potius

267 3928 293 3995 1)
312 3922 455 3982 ‘Vendidit'
476 3929 597 3996 proponit
616 3930 643 3983 C.
662 3930 691 3985 F.
709 3931 753 3983 W.
772 3928 893 3984 Mueller.
913 3929 942 3980 in
960 3942 1046 3995 progr.
1067 3943 1090 3993 p.
1111 3925 1152 3979 23.

266 4022 293 4083 2)
313 4018 371 4072 Hoc
389 4020 461 4073 idem
480 4020 538 4073 vult
557 4021 694 4075 Zablleldt.
712 4022 730 4074 l.
749 4039 771 4075 c.
791 4039 815 4090 p.
835 4017 877 4075 2'0.

268 4114 294 4178 ‘l
314 4109 366 4164 Clr.
386 4109 414 4164 C.
434 4111 463 4172 F,
483 4112 525 4165 W.
546 4111 665 4166 Mueller.
686 4112 703 4166 l.
722 4130 744 4166 c.
763 4131 788 4182 p.
807 4114 850 4168 22.
932 4160 934 4162 ,
