2782 4614
772 252 786 271 91

770 252 811 313 94

243 424 344 515 'illud
369 437 425 501 ubi
449 435 588 498 ‘etenim'
614 436 766 498 consistit.
791 456 864 498 cunr
893 437 932 499 ad
956 434 1174 499 confirmanda
1203 440 1234 498 et
1257 454 1315 498 ex-

255 546 404 630 plicanda
428 564 511 628 quae
535 545 730 627 praecedunt
745 545 843 608 rerba
869 544 1066 608 ‘nemoribus
1084 545 1223 608 Naeviis'
1248 564 1319 627 per-

255 657 361 719 tineat.
387 654 453 717 ‘sic'
477 653 663 736 particulam
689 655 785 717 utin
809 655 899 718 initio
923 656 1059 737 positam
1082 653 1205 733 lrabeat,
1239 657 1318 716 ratio

255 764 427 827 verborum
455 768 632 826 structurae
660 765 809 845 postulat.
861 765 949 827 Haec
983 765 1067 827 enim
1104 770 1150 826 est
1184 764 1247 842 lex,
1284 771 1319 826 ut

255 874 471 956 quodcunque
507 873 665 936 enuntiati
704 873 841 936 alicuius
874 873 1068 937 rocabulum
1097 874 1240 935 oninium
1270 880 1318 936 951

255 1002 380 1046 summo
405 992 538 1045 accentu
563 982 770 1061 efferendum
808 985 925 1066 insigni
954 1004 1030 1066 prae
1053 984 1167 1046 ceteris
1190 984 1225 1044 in
1249 983 1317 1045 loco

253 1111 368 1175 ponas3
394 1110 490 1174 quem
507 1092 565 1153 lroc
583 1092 712 1173 quidem
733 1093 802 1154 loco
819 1093 969 1156 facillime
987 1094 1142 1156 invenies,
1188 1092 1317 1154 Etenim

253 1203 338 1264 sicut
361 1221 420 1264 nos
445 1201 631 1280 diceremus,
656 1221 743 1264 non:
771 1202 867 1265 ‘deun
892 1203 942 1265 die
967 1202 1041 1265 Orte
1063 1201 1184 1264 ..sind
1205 1220 1239 1263 so
1264 1200 1317 1262 be-

253 1309 377 1386 99991,
403 1310 477 1373 sed:
512 1310 567 1373 'so
602 1311 741 1372 uatmliclr
774 1312 846 1374 sind
880 1313 930 1374 dic
956 1311 1040 1392 (1959,
1071 1332 1118 1374 wo
1152 1311 1203 1374 die
1226 1315 1315 1393 porta

252 1419 337 1501 liegtt
364 1419 528 1482 beuannt':
563 1422 608 1483 sic
631 1423 707 1483 item
731 1419 843 1484 Latine
877 1422 938 1484 dici
962 1427 1091 1504 oportet.
1140 1421 1245 1497 Quare
1269 1439 1317 1484 se-

252 1529 364 1610 quitur
387 1529 535 1611 primum,
558 1538 594 1591 ut
618 1529 757 1593 ‘etenim’
782 1532 935 1613 particula
960 1551 1025 1594 non
1049 1538 1133 1594 recte
1150 1550 1184 1594 59
1201 1530 1317 1593 habero

253 1639 387 1702 dicenda
420 1640 475 1709 siu
512 1645 580 1701 tum
616 1649 653 1702 ut
688 1641 834 1703 voculam
873 1640 938 1704 ‘sic’
981 1647 1036 1704 aut
1068 1645 1171 1724 ipsam
1204 1640 1316 1703 falsam

252 1769 323 1812 9559
347 1755 403 1812 995
426 1750 517 1812 915599
540 1769 577 1812 99
600 1751 787 1832 putavimus
816 1751 1014 1814 referendam
1046 1771 1115 1814 esse
1139 1750 1315 1813 credamus.

252 1859 299 1920 Ac
333 1859 473 1940 primum
508 1859 637 1942 quidem
673 1859 765 1923 nobis
799 1867 922 1923 constat
956 1861 1095 1924 ‘etenim'
1124 1859 1316 1922 mutandum

251 1986 321 2030 esse
345 1968 379 2028 in
406 1966 460 2028 ‘ita
484 1967 591 2032 enirn'.
616 1967 683 2030 ‘sio'
708 1988 783 2032 vero
812 1971 1001 2052 particulam
1031 1972 1057 2033 si
1088 1973 1161 2052 quis
1198 1970 1316 2032 dixerit

250 2078 294 2139 ita
326 2077 525 2140 referendam
554 2096 632 2158 esse,
670 2088 704 2140 ut
732 2078 838 2143 verbis
868 2100 950 2163 quae
980 2085 1057 2143 suut
1093 2080 1221 2143 ‘etenim
1246 2079 1317 2141 1999

251 2186 307 2249 ubi
332 2186 379 2250 ca'
402 2188 436 2249 in
460 2187 643 2270 parenthesi
667 2189 788 2270 positio,
818 2196 996 2252 ceterorum
1025 2190 1102 2252 haec
1136 2189 1190 2252 liat
1231 2195 1316 2252 stru-

251 2301 356 2359 ctura:
384 2295 547 2378 ‘Sequitur
562 2302 653 2378 porta
669 2297 800 2380 Naevia,
825 2300 910 2381 quod
931 2301 963 2361 59
982 2299 1166 2362 nemoribus
1182 2298 1316 2361 Naeuiis

251 2406 308 2469 uta
344 2407 430 2467 enim
464 2407 541 2471 loca.
579 2406 633 2467 ubi
668 2417 724 2488 eal,
760 2410 805 2471 sic
841 2409 944 2489 dicta’,
981 2427 1093 2472 uereor
1128 2427 1168 2470 ne
1196 2408 1315 2470 iniuria

248 2516 283 2576 in
307 2515 404 2578 huius
429 2517 605 2579 sententiae
630 2517 784 2581 brevitate
808 2519 1016 2601 parenthesin
1048 2519 1189 2600 posuerit
1218 2521 1315 2599 atque

249 2624 393 2687 membra
416 2626 485 2688 cius
509 2627 646 2688 nimium
671 2626 860 2691 distraxerit.
911 2627 992 2690 Tum
1021 2647 1097 2690 vero
1127 2627 1315 2708 quaestione

252 2733 291 2796 do
315 2735 545 2817 particularum
570 2736 637 2799 ‘sic'
663 2741 693 2800 et
717 2737 781 2799 ‘ita’
808 2758 869 2800 usu
892 2739 1040 2800 instituta
1065 2737 1182 2807 imeni,
1218 2756 1312 2799 usum

252 2863 362 2907 carum
387 2848 481 2908 certis
505 2846 698 2928 quibusdam
721 2845 840 2910 finibus
870 2848 1124 2919 (19599995995999Ἱ
1152 2864 1314 2929 perpauca

181 2940 184 2945 ⁴
248 2959 357 3016 antem
381 2973 450 3017 esse
474 2957 622 3039 exempla
646 2956 701 3019 ubi
726 2956 959 3039 significatione
984 2959 1066 3019 inter
1089 2976 1205 3019 senon
1224 2955 1313 3019 difie-

248 3058 355 3126 ranan
401 3063 514 3146 ltaque
538 3086 612 3127 cum
638 3066 743 3129 verbis
773 3086 854 3148 quae
888 3072 963 3129 suut
992 3065 1082 3129 ‘dico'
1113 3064 1257 3148 ‘appello'
1281 3070 1313 3128 91

248 3172 409 3236 similibus
445 3193 538 3256 saepe
573 3176 779 3238 coniunctam
813 3177 958 3238 videmus
993 3175 1181 3259 particulam
1212 3171 1312 3255 ‘ita',2)

248 3281 308 3343 ltoc
333 3301 398 3344 uuo
422 3282 492 3345 loco
517 3283 563 3368 de
581 3284 598 3344 l.
623 3283 642 3347 l.
672 3282 999 3369 tf,§1oa‚p.1oassl
1024 3286 1209 3368 particulam
1235 3283 1311 3347 ‘sict

358 3516 385 3582 1)
404 3514 443 3567 Do
462 3514 505 3567 llis
524 3514 665 3582 particulis
683 3516 867 3586 quaestionem
886 3518 956 3571 infra
982 3518 1134 3572 accuratius
1164 3515 1312 3568 instituam.

354 3604 381 3676 2)
402 3607 448 3659 ct'r.
469 3606 501 3671 V,
521 3607 536 3675 15
557 3607 599 3673 68,
619 3624 643 3674 p.
664 3610 710 3674 73;
737 3608 814 3676 §dd
834 3626 858 3675 p.
878 3609 926 3674 98;
958 3609 1053 3678 §too
1073 3627 1098 3677 p.
1119 3609 1184 3672 1083
1216 3608 1311 3675 §ltu

247 3714 273 3766 p.
295 3698 359 3761 1223
391 3696 486 3764 5122,
505 3713 532 3765 p.
553 3696 617 3763 12t;
650 3699 745 3766 §1752
769 3717 794 3767 p.
815 3702 873 3758 115).
911 3699 1067 3767 Vll‚§20.
1101 3702 1202 3767 p.3lll;
1234 3700 1312 3768 535,

247 3805 273 3859 p.
293 3789 359 3852 3223
383 3788 413 3856 ,ξ
433 3788 475 3842 39.
504 3805 529 3855 p.
554 3789 620 3842 325:
658 3789 706 3855 lx,
736 3791 812 3858 §GL
841 3808 866 3858 p.
885 3792 938 3846 500
956 3802 1007 3846 959.
1036 3792 1069 3845 91.
1099 3793 1131 3844 dc
1158 3793 1214 3846 rita
1242 3810 1266 3860 p.
1289 3810 1311 3848 r.

248 3898 274 3949 p,
300 3880 404 3947 5541.

354 3972 381 4039 3)
399 3971 452 4025 'Sic
477 3972 550 4024 enirn
575 3973 679 4042 antiqui
705 3974 800 4028 5199995
825 3984 872 4042 (so.
897 3974 1031 4041 dicebaut)
1057 3991 1136 4044 quam
1163 3995 1235 4030 nuuc
1256 3979 1309 4032 lta-

243 4063 383 4132 phanum]
