2782 4614
686 277 727 340 42

169 465 259 529 setet’
296 471 327 528 et
351 462 567 546 ‘redigeretur'
583 461 701 527 falsum
725 483 795 527 esse
812 470 954 546 apparet3
978 483 1130 546 praesens
1143 468 1238 547 enim,

168 593 234 637 non
256 573 479 656 imperfectum
504 578 632 655 tempus
654 573 841 654 postulatur.
865 573 907 636 Et
922 578 1047 655 praesto
1072 581 1120 636 est
1142 575 1238 639 lenis-

169 685 248 747 sima
271 684 441 763 medicina,
465 703 562 764 quam
577 684 740 745 neminem
756 683 920 746 invenisse
943 685 1055 761 nriror3
1081 684 1126 746 sio
1150 687 1235 748 enim

167 793 223 857 illa
257 793 428 856 difficultas
468 792 607 855 tollenda
646 796 694 855 est
722 829 753 837 -
783 790 901 854 ‘utrum
928 792 1053 855 dicatur
1088 793 1237 877 analogia

168 922 238 967 esse
262 923 302 965 an
327 904 374 966 uti
399 907 543 984 oportere
567 906 598 963 et
620 899 784 984 redigere?

276 1011 318 1074 Et
342 1011 428 1094 quod
453 1010 608 1074 mutando
625 1010 714 1074 effeci
735 1010 890 1093 ‘oportere
914 1010 955 1074 et'
973 1011 1050 1093 quid
1067 1012 1128 1074 sibi
1152 1013 1238 1093 velit,

168 1142 210 1186 ex
234 1119 253 1206 ξ
278 1124 306 1183 4.
331 1122 446 1201 elucet,
468 1120 525 1183 ubi
548 1119 651 1183 Varro
677 1120 798 1183 ‘Aliud'
822 1122 930 1203 inquit
954 1119 1013 1184 ‘est
1037 1120 1142 1184 dicere
1165 1141 1236 1184 ver-

167 1232 283 1294 borum
322 1231 501 1312 analogias,
532 1230 621 1292 alind
656 1228 761 1292 dicere
796 1231 844 1292 uti
868 1235 1011 1312 oportere
1035 1229 1236 1313 analogiis’lt

169 1341 319 1403 Alterum
345 1348 451 1403 autem
478 1341 563 1422 quod
587 1340 712 1402 mutavi
736 1337 910 1422 ‘redigere’‚
935 1359 1008 1402 cum
1035 1337 1074 1401 de
1102 1358 1165 1401 usu
1189 1339 1235 1400 di-

168 1456 267 1531 cator,
291 1451 336 1513 sio
360 1450 606 1533 intelligendum
631 1454 747 1530 estut,
773 1449 991 1531 quodcunque
1025 1450 1060 1511 in
1083 1469 1147 1511 usu
1163 1469 1234 1512 ver-

168 1559 244 1623 bum
281 1564 390 1622 contra
421 1559 600 1642 analogia-m
632 1563 755 1641 peccet,
778 1559 819 1621 ad
857 1578 926 1622 eam
961 1559 994 1621 id
1022 1558 1233 1642 redigendum

168 1687 239 1732 esse
263 1667 428 1751 significet.
464 1668 577 1749 ltaque
594 1686 668 1730 cum
684 1667 820 1730 verbum
837 1667 1003 1752 ‘redigere'
1027 1669 1234 1732 vehementer

168 1777 327 1840 desideret
357 1796 394 1841 ea
428 1796 510 1861 quae
546 1781 622 1840 sunt
655 1775 706 1838 ‘ad
731 1776 812 1839 eam’
837 1778 866 1857 (i.
897 1796 922 1840 e.
948 1774 1178 1860 analogiamfi),
1202 1783 1233 1840 et

166 1887 269 1968 ipsam
293 1906 405 1949 vocem
422 1885 550 1966 ‘verba’,
574 1890 610 1949 ut
634 1885 758 1948 dicatur
775 1885 931 1969 ‘redigere
955 1887 995 1949 ad
1019 1906 1090 1949 eam
1112 1886 1233 1968 verba’,

166 1995 307 2078 perbene
339 1997 455 2059 accidit
478 2002 515 2060 ut
549 1995 632 2058 infra
657 2001 836 2077 sequantur
860 1995 944 2059 ‘inde
976 1997 1125 2060 omnibus
1150 1996 1233 2077 dioi',

169 2124 251 2188 quae
274 2106 372 2169 verba
396 2126 483 2169 unus
506 2105 682 2169 Muellerus
707 2107 865 2187 quomodo
889 2107 950 2169 hoo
972 2106 1043 2169 loeo
1062 2110 1144 2169 stare
1160 2125 1234 2188 pos-

168 2217 233 2279 sint
256 2235 289 2279 se
321 2235 387 2278 non
408 2216 586 2298 intelligere
620 2217 761 2298 ingenue
784 2216 956 2279 confitetur
984 2221 1015 2280 et
1038 2215 1192 2278 audacius
1216 2235 1234 2280 e

167 2327 410 2389 continuatione
434 2325 605 2389 verborum
639 2326 777 2409 expellit.
825 2325 863 2388 Iu
898 2345 962 2408 quo
994 2327 1079 2388 iusto
1103 2323 1234 2406 longius

87 2486 89 2490 .
165 2436 216 2497 vir
240 2435 355 2498 doctus
379 2454 570 2518 progressus
595 2454 665 2499 esse
688 2437 768 2497 mihi
784 2436 927 2514 videtum
953 2456 1012 2500 suo
1036 2440 1145 2498 autem
1164 2434 1235 2496 loco

165 2544 244 2607 haec
283 2544 381 2607 verba
420 2550 503 2607 stare
544 2563 611 2607 non
649 2565 742 2629 posse
783 2546 961 2609 rectissime
999 2544 1235 2607 animadvertit.

165 2652 250 2718 Nam
274 2660 305 2717 et
323 2674 483 2718 conexum
500 2654 673 2718 verborum
696 2656 789 2738 plane
806 2659 955 2717 evertunt
978 2659 1009 2717 et
1031 2655 1092 2717 hoo
1114 2652 1233 2716 falsum

164 2763 298 2841 habent,
325 2765 411 2847 quod
447 2765 577 2828 dativus
606 2764 776 2829 ‘omnibus’
800 2785 857 2849 pro
892 2762 953 2826 ‘ab'
987 2784 1061 2827 eum
1095 2763 1234 2825 ablativo

165 2893 249 2937 casu
273 2876 399 2957 positus
424 2880 479 2938 est.
527 2873 596 2958 Ego
630 2894 706 2938 vero
730 2875 834 2938 solum
861 2873 944 2937 ‘dici’
968 2874 1164 2937 vocabulum
1197 2877 1248 2950 ut,

165 2982 249 3046 male
272 2985 446 3066 repetitum
483 2985 670 3066 delendum,
694 2990 815 3049 cetera.
833 2990 941 3048 autem
976 2983 1175 3047 emendanda
1203 2986 1235 3046 et

164 3093 404 3175 transponenda
429 3110 499 3155 esse
523 3112 638 3157 censeo
662 3095 725 3157 sic:
753 3133 782 3142 -
816 3095 993 3178 ‘intelleges
1017 3099 1126 3158 utrum
1148 3095 1233 3158 dica·

168 3205 223 3263 tur
247 3202 394 3284 analogia
417 3220 487 3265 esse
511 3223 552 3265 an
577 3205 625 3267 uti
649 3209 791 3286 oportere
814 3211 845 3268 et
867 3201 1038 3288 redigere3)
1074 3205 1117 3268 ad
1153 3224 1232 3268 eam

166 3307 312 3390 vertas)
336 3347 377 3355 —
401 3313 509 3394 Atque
533 3318 570 3375 ut
593 3318 699 3377 cetera
731 3333 772 3376 ex
796 3333 866 3378 mea
891 3316 1039 3397 opinione
1063 3315 1232 3379 scribenda

271 3558 296 3624 1)
316 3558 363 3611 ofr.
384 3559 480 3614 Christ.
499 3559 595 3614 Philol.
616 3560 691 3615 XVI.
708 3579 733 3628 p.
752 3561 813 3617 458.

270 3651 298 3720 2)
317 3649 392 3703 Haeo
411 3651 586 3719 adcogitando
605 3652 723 3720 suppleri
743 3670 821 3720 posse
840 3670 916 3722 nego.

268 3742 295 3810 3)
314 3741 462 3811 Redigendi
482 3744 596 3797 verbum
615 3745 707 3798 eadem
727 3745 830 3798 ratione
850 3744 998 3799 adhibitum
1020 3750 1060 3800 est
1079 3749 1093 3815 ξ
1113 3747 1138 3800 9.
1157 3748 1226 3802 extr.

160 3828 300 3902 t‘redigero
319 3834 352 3887 ad
370 3834 529 3904 rationom').

265 3925 294 3996 4)
314 3925 358 3978 Sic
376 3943 425 3994 ego
444 3943 492 3995 pro
503 3927 603 3981 tradita
619 3927 734 3982 lectione
747 3924 819 3982 ‘inde
838 3927 978 3982 omuibus!
1010 3930 1045 3984 Et
1056 3931 1139 3984 verba
1157 3946 1227 3998 qnae

160 4019 223 4069 sunt
240 4013 282 4070 ‘ad
302 4017 369 4071 eanr'
388 4018 528 4073 lenissima
552 4019 715 4074 correctione
735 4020 825 4086 effeci3
853 4020 963 4073 tertium
982 4037 1046 4074 vero
1065 4022 1228 4077 vocabulum

159 4108 227 4162 illud
251 4106 356 4179 ‘verba'‚
385 4110 455 4178 quod
491 4109 520 4162 in
548 4111 638 4164 codico
666 4112 796 4180 scripturn
835 4112 920 4166 luisse
951 4113 1059 4167 videtur
1077 4109 1146 4168 ‘uba‘
1167 4114 1226 4184 (cfr.
