2782 4614
661 281 717 357 121

159 485 232 544 ante
256 481 348 544 haec:
371 475 497 545 ‘Dicam
529 484 564 544 in
591 481 651 544 hoo
673 481 755 543 libro
780 481 819 543 de
842 479 948 543 verbis
974 497 1057 562 quae
1081 499 1098 540 a
1121 480 1223 560 poetis

160 596 238 655 sunt
268 592 384 673 posita:
425 593 568 674 primum
604 590 643 652 de
680 591 771 671 locis,
812 590 886 652 dein
919 586 1032 671 quael)
1071 589 1106 652 in
1144 589 1223 651 locis

162 705 247 775 sunt,
272 702 364 764 tertio
399 701 438 763 de
470 698 678 782 temporibus,
709 703 778 763 tum
812 717 895 782 quae
927 717 1001 761 cum
1025 696 1224 781 temporibus

163 815 240 872 erint
264 811 435 872 coniuncta
460 812 523 872 ...'
548 828 644 891 quem
671 810 823 872 orationis
847 814 1035 872 contextum
1054 808 1110 870 illo
1126 806 1225 870 verbo

161 920 353 1001 interrumpi
376 939 412 982 ac
436 938 567 1002 prorsus
590 916 713 980 turbari
734 919 770 980 in
793 923 901 1001 aperto
925 923 981 981 est.

272 1027 333 1103 Qui
356 1029 445 1092 locus
470 1034 519 1092 est
541 1028 580 1091 de
602 1028 622 1089 l.
645 1027 664 1090 l.
691 1026 753 1106 IX,
776 1029 794 1110 ξ
818 1029 871 1105 40,
895 1049 924 1111 p.
949 1030 1024 1108 484,
1046 1027 1092 1089 ibi
1111 1026 1228 1088 tradita

164 1144 239 1203 sunt
262 1139 355 1202 haec:
389 1130 497 1212 ‘Quod
519 1142 641 1221 rogant,
673 1156 714 1201 ex
749 1157 813 1221 qua
845 1143 935 1220 parte
959 1142 1101 1221 oporteat
1123 1135 1228 1200 simile

166 1268 236 1312 esse
259 1247 393 1311 verbum
418 1268 436 1309 a
460 1266 537 1310 voce
560 1267 602 1309 an
626 1267 644 1309 a
667 1247 909 1330 significatione,
942 1248 1173 1331 respondemus
1209 1265 1228 1306 a

167 1377 259 1436 voce3
296 1357 351 1421 sed
375 1361 484 1420 tamen
507 1376 744 1438 nonnunquam
781 1359 968 1439 quaerimus
991 1375 1110 1442 genere
1140 1355 1228 1418 simi-

166 1469 251 1530 liane
274 1468 339 1530 sint
362 1486 445 1549 quae
470 1466 702 1550 significantur,
726 1485 902 1531 adnomen
929 1469 1020 1531 virile
1044 1486 1119 1529 cum
1142 1465 1228 1526 virili

168 1577 371 1656 conferimus,
394 1576 530 1639 feminae
554 1596 628 1638 cum
652 1575 810 1653 muliebri,
826 1597 900 1660 ‘non
926 1576 1059 1659 quodid
1085 1574 1170 1657 quod
1187 1575 1228 1636 si·

169 1685 323 1768 gnificant
352 1704 456 1764 voces,
491 1691 698 1767 commoveat,
734 1688 788 1750 sed
824 1687 912 1769 quod
935 1705 1171 1767 nonnunquam
1194 1685 1228 1745 in

171 1813 204 1856 re
225 1795 388 1856 dissimilis
410 1794 534 1873 figurae
556 1794 676 1858 formas
699 1796 908 1860 indissimiles
930 1799 1103 1879 imponunt
1126 1794 1231 1877 dispa-

170 1904 245 1967 riles
281 1909 318 1966 ut
352 1904 451 1966 calcei
484 1904 652 1968 muliebris
676 1908 741 1969 sint
763 1927 805 1969 an
829 1907 938 1970 viriles
963 1907 1101 1968 dicimus
1125 1904 1165 1966 ad
1189 1905 1231 1967 si.-

171 2013 384 2076 militudinem
408 2013 538 2096 figurae,
574 2035 648 2078 cum
683 2020 790 2078 tamen
825 2017 965 2079 sciamus
993 2033 1231 2095 nonnunquam

171 2129 201 2185 et
224 2123 391 2185 mulierem
424 2123 540 2187 habere
575 2124 698 2187 calceos
729 2126 837 2187 viriles
861 2130 893 2187 et
916 2127 1021 2187 virum
1045 2119 1231 2185 muliebris’.

277 2230 350 2293 Non
374 2237 476 2295 totum
502 2253 536 2296 se
558 2239 643 2298 reete
667 2234 783 2298 habere
815 2234 902 2297 hunc
932 2234 1039 2297 locum
1075 2250 1133 2314 ego
1157 2251 1231 2293 cum

172 2343 283 2404 multis
307 2341 478 2405 editoribas
502 2343 653 2422 arbitror3
679 2345 732 2408 sed
751 2363 833 2427 quae
848 2343 1004 2407 mendosa
1025 2345 1180 2425 putarunt
1204 2345 1235 2402 et

172 2453 366 2514 coniecturis
389 2459 601 2536 vexaverunt,
624 2474 689 2517 non
712 2460 796 2518 recte
819 2459 959 2518 tentasse
976 2452 1054 2516 mihi
1071 2451 1231 2514 videntur.

173 2561 225 2624 Sic
249 2561 438 2643 Spengelius
462 2564 548 2645 quod
580 2565 801 2629 inducendum
824 2568 917 2647 putat
937 2561 1074 2626 verbum
1094 2554 1235 2623 tindissi-

164 2672 284 2752 miles',
308 2674 353 2734 sic
366 2671 542 2736 Muellerus
567 2675 653 2755 qnod
669 2674 779 2737 scribit
799 2666 870 2735 ‘sed
894 2672 981 2753 quod
997 2688 1233 2750 nonnunquam

173 2781 207 2841 in
229 2799 265 2842 re
289 2780 437 2843 dissimili
461 2782 573 2844 similis
595 2781 717 2864 figurae
741 2782 869 2858 formas,
891 2783 928 2843 in
950 2799 984 2843 re
1009 2780 1107 2843 simili
1131 2781 1235 2860 impo-

176 2898 258 2952 nunt
281 2889 468 2971 dispariles’.

280 2997 349 3081 Ego
372 3018 448 3062 vero
471 3001 613 3083 primum
638 3001 763 3064 offendo
786 3004 821 3064 in
845 3000 1003 3083 singulari
1026 3018 1162 3062 numero
1179 3001 1236 3081 qui

176 3113 224 3171 est
245 3100 292 3170 ‘in
316 3108 371 3190 re',
402 3110 489 3191 quod
512 3111 647 3175 verbum
670 3112 704 3173 in
726 3111 840 3194 plurali
864 3110 1050 3194 ponendum
1076 3128 1146 3173 esse
1170 3128 1237 3170 ma-

176 3220 262 3282 nime
285 3225 414 3302 propter
436 3222 534 3285 verba
558 3241 641 3305 quae
665 3228 849 3304 sequuntur
869 3213 1001 3284 ‘formas
1020 3216 1238 3282 indissimiles

177 3329 256 3389 mihi
282 3331 435 3410 persuasi.
481 3329 566 3413 Lego
601 3333 699 3415 igitur
730 3324 777 3394 ‘in
810 3329 925 3393 rebus’.
985 3326 1096 3391 Cetera
1130 3332 1236 3389 autem

178 3437 337 3519 quomodo
355 3436 522 3499 scribenda
542 3440 614 3519 siut,
638 3441 820 3504 accuratius
835 3439 1078 3520 investigemus.
1124 3436 1238 3517 Itaque

178 3551 243 3608 tota
281 3545 479 3629 paragrapho
520 3548 768 3612 undetricesima
806 3529 867 3612 hoc
906 3568 1008 3611 unum
1043 3545 1236 3608 illustratur:

173 3647 275 3719 ‘Cave
299 3656 482 3738 concludas
514 3659 538 3720 si
574 3677 657 3740 quae
691 3657 789 3721 verba
824 3664 881 3722 aut
911 3677 963 3722 res
995 3657 1099 3741 figura
1123 3653 1240 3717 similia

179 3767 250 3844 sint,
276 3784 312 3828 ea
337 3769 467 3830 omnino
493 3786 562 3831 esse
581 3767 717 3832 similia’.
765 3767 948 3831 Similitudo
964 3767 1049 3829 enim
1068 3763 1237 3828 verborum

286 4041 312 4105 1)
332 4039 385 4095 Cir.
404 4042 495 4096 Groth.
516 4061 540 4112 p.
560 4044 602 4097 35.
622 4061 646 4096 n.
669 4042 726 4100 198.
746 4041 872 4114 (Spengel
899 4041 928 4096 in
947 4041 1051 4094 emend.
1071 4039 1147 4093 Varr.
1167 4054 1240 4107 spec.

180 4146 205 4196 r·
227 4131 279 4198 10.)
