2782 4614
633 330 692 394 117

130 516 337 599 coniungitur
367 534 442 578 oum
477 517 690 599 sequentibus
714 516 777 581 ‘Sic
811 516 850 579 ab
876 515 940 580 Ore
973 518 1043 600 ed0,
1066 518 1195 602 Sorbeo,

130 624 213 706 bibo,
236 623 330 708 poto’
376 625 500 709 Nempe
535 625 657 689 addidit
690 627 760 709 hoo,
792 627 850 708 qui
882 646 948 689 non
982 628 1195 711 intellexerat,

132 754 229 816 nuno,
250 739 422 819 postquam
448 736 487 798 de
510 737 595 817 visu,
618 735 740 816 auditu,
776 734 896 798 olfactu
919 735 1050 820 dietum,
1076 738 1194 802 Varro-

131 863 205 907 nem
229 845 400 927 explioore,
424 844 502 926 quid
526 863 580 907 ore
594 843 691 907 faeiat
712 845 817 908 home.
864 844 980 928 itaque
1004 848 1195 931 expellenda
1320 911 1322 914 ,

131 959 222 1018 erant
256 955 335 1018 haec
369 954 476 1033 rerba,
510 959 664 1037 tanquam
697 954 787 1018 soioli
821 954 1095 1020 additamentum'
1142 957 1195 1021 Sio

131 1062 307 1127 Muellerus
329 1065 362 1127 in
388 1064 536 1128 editione.
584 1063 626 1126 Et
648 1069 733 1127 reete
769 1063 900 1146 quidem
932 1066 967 1127 in
998 1067 1063 1129 illis
1086 1066 1195 1131 verbis

133 1172 272 1254 offendit,
295 1193 370 1237 oum
404 1192 509 1255 neque
532 1175 588 1238 ‘sio
614 1173 728 1255 ’neque
752 1173 812 1236 ‘ab’
848 1175 914 1238 ullo
938 1176 1033 1239 modo
1057 1177 1111 1239 hie
1139 1176 1195 1240 ob-

129 1284 234 1345 tinere
256 1285 370 1366 possit3
396 1284 451 1347 sed
476 1304 541 1366 qua
565 1283 604 1347 de
628 1302 726 1346 eausa
757 1284 876 1348 soiolus
910 1285 1042 1367 quidam
1077 1304 1115 1347 ea
1139 1286 1195 1348 ad-

132 1391 257 1473 diderit,
281 1412 339 1476 ego
367 1411 433 1454 non
467 1395 635 1477 perspicio.
680 1392 794 1475 Itaque
826 1411 863 1456 ea
896 1413 963 1456 non
996 1395 1194 1477 expellenda,

132 1500 188 1563 sed
212 1502 365 1565 mutanda
388 1521 457 1566 esse
483 1505 633 1567 existimo
657 1503 721 1564 sio:

345 1612 421 1674 hino
457 1610 529 1675 Olet
564 1616 595 1675 θῖ
628 1609 765 1674 Odorari
789 1663 795 1675 .
822 1662 829 1675 .
855 1617 886 1675 θῖ
915 1610 1021 1676 Odora
1053 1632 1115 1694 reS,
1150 1614 1217 1677 sic'

293 1718 396 1806 alia,1)

240 1828 294 1910 VI,
318 1830 337 1910 g
363 1830 403 1892 55
427 1852 456 1914 p.
482 1833 543 1894 231
578 1833 872 1914 manuscriptorum
902 1829 997 1893 lentio
1028 1835 1076 1896 est
1103 1832 1195 1895 hoeo:

129 1929 195 2000 ‘Ab
219 1938 332 2002 eodem
355 1941 385 2020 (i.
409 1960 435 2004 θ.
458 1939 542 2020 Fari)
565 1940 655 2024 Falli,
686 1941 741 2005 sed
774 1946 805 2004 et
828 1939 959 2004 Falsum
983 1945 1015 2004 et
1036 1940 1196 2007 Fallacia’.

240 2067 408 2134 Solitarius
439 2072 492 2135 hio
523 2073 614 2136 loeus
637 2077 805 2156 propterea
828 2071 915 2152 quod
940 2071 981 2133 ad
1004 2070 1102 2134 verba
1124 2091 1196 2155 per-

135 2178 253 2241 similia
276 2181 360 2243 inter
384 2200 418 2244 se
442 2182 622 2264 copulanda
645 2181 821 2244 adhibitam
843 2179 975 2262 praebet
1005 2180 1197 2262 particulam

133 2279 228 2368 ‘sed’3
267 2309 325 2373 pro
361 2309 426 2372 qua
460 2309 518 2374 ego
554 2311 619 2354 non
654 2290 766 2355 dubito
806 2288 945 2352 scribere
980 2280 1060 2371 ‘sic',
1099 2309 1198 2372 quam

136 2398 321 2481 saepissime
336 2400 372 2463 in
386 2400 447 2464 hoo
463 2421 527 2464 usu
542 2401 663 2464 versari
679 2399 765 2483 apud
784 2404 930 2463 nostrum
948 2418 1045 2481 supra
1064 2399 1197 2463 ostendi.

239 2528 282 2611 X,
306 2530 325 2610 ξ
350 2532 391 2593 41
414 2551 443 2614 p.
469 2531 532 2595 568
566 2532 691 2594 codices
724 2529 878 2593 exhibent
903 2530 996 2592 haeo:
1028 2520 1096 2591 ‘Sin
1119 2530 1199 2592 item

137 2639 173 2700 in
196 2639 267 2702 aliis
290 2638 389 2702 rebus
413 2640 564 2705 omnibus
586 2641 789 2725 proportione
813 2639 967 2701 dicuntur
990 2656 1041 2701 ea:
1073 2639 1109 2700 in
1133 2658 1197 2721 quo

139 2750 187 2810 est
215 2749 261 2809 sio
293 2748 498 2830 quadruplex
528 2756 658 2829 natura,
694 2755 731 2812 ut
761 2750 796 2810 in
830 2748 983 2831 progenie
1014 2766 1112 2830 quom
1150 2752 1200 2810 est

136 2854 222 2918 filins
250 2856 291 2919 ad
314 2863 436 2940 patrem
461 2854 532 2926 sic2)
556 2854 628 2925 est2)
649 2856 717 2920 filia
740 2857 780 2920 ad
802 2861 948 2937 matrem,
981 2861 1012 2920 et
1034 2862 1071 2920 ut
1094 2861 1142 2920 θεῖ
1164 2858 1199 2920 in

136 2966 334 3049 temporibus
351 2967 500 3030 meridies
524 2967 563 3030 ad
580 2967 675 3049 diem,
698 2968 744 3030 sio
767 2967 873 3029 media
896 2986 965 3029 nox
988 2965 1028 3028 ad
1050 2965 1198 3029 noctem’.

238 3089 358 3172 ‘Quom
392 3097 450 3161 θεῖ’
483 3097 672 3182 Spengelius
704 3076 822 3161 mutari
852 3096 926 3158 vult
954 3085 994 3158 in
1021 3087 1133 3178 ‘quom
1163 3101 1200 3158 ut

138 3206 206 3288 est',
229 3205 408 3271 Muellerus
424 3209 459 3270 in
472 3199 648 3291 ‘quomodo
664 3205 732 3271 θεῖ’.
779 3205 958 3289 Utramque
974 3206 1107 3288 repudio
1124 3225 1199 3268 con-

136 3315 292 3379 iecturam
326 3337 363 3380 ao
387 3316 535 3381 Muelleri
566 3317 696 3400 quidem
727 3336 765 3380 ea
796 3315 999 3398 potissimum
1032 3315 1070 3378 de
1093 3334 1200 3397 cansa,

140 3423 227 3506 quod
242 3426 400 3506 particula
412 3418 597 3507 ‘quomodo'
614 3444 793 3507 numquam
805 3423 1019 3506 comparando
1031 3421 1200 3506 inservita)

138 3532 220 3595 Mihi
243 3552 318 3596 vero
348 3534 412 3616 legi
443 3534 550 3618 placet,
569 3527 867 3616 ‘quemadmodum’
900 3537 1069 3615 totumque
1090 3532 1201 3616 locum

140 3644 186 3706 sio
208 3644 407 3726 interpungi:
429 3635 485 3689 ‘-
503 3644 549 3706 sio
573 3642 776 3725 quadruplex
791 3645 915 3721 natura,
938 3646 976 3704 ut
990 3641 1025 3703 in
1039 3643 1201 3725 progenie,

247 3880 274 3947 1)
293 3879 333 3933 De
351 3879 402 3933 hao
420 3877 535 3932 formula
552 3893 634 3949 snpra
651 3876 777 3930 diximus.
810 3922 812 3926 Α

248 3970 275 4040 2)
294 3970 374 4026 Codd.
392 3965 442 4025 ‘sio
461 3969 502 4024 si‘.
1116 4040 1118 4045 Ι

248 4061 275 4131 3)
294 4061 405 4130 Semper
430 4069 472 4117 est
498 4062 569 4130 apud
596 4063 718 4116 nostrum
745 4058 876 4128 particula
893 4059 1093 4128 interrogativa,
1120 4058 1152 4111 nt
1169 4057 1202 4111 de

140 4169 162 4208 r.
181 4169 203 4208 r.
221 4153 243 4221 l,
262 4156 287 4222 2,
307 4155 354 4220 21;
373 4155 415 4223 18,
435 4157 460 4211 1.
496 4154 573 4208 Del.
592 4152 609 4207 l.
628 4151 676 4219 vi,
695 4151 711 4220 9
730 4152 807 4220 90p.
827 4152 888 4207 267.
