2782 4614
703 278 745 342 14

191 468 316 550 primns
349 468 466 530 senarii
504 486 561 551 pes
596 467 761 532 exciderit.
809 467 924 551 Neque
958 469 1075 534 desunt
1096 471 1168 553 loci,
1201 472 1258 536 ubi

192 576 278 639 idem
303 576 384 639 illud
409 576 507 660 ‘quod
531 576 588 640 est’
611 578 645 641 in
669 577 768 640 simili
793 597 854 641 usu
877 584 1034 661 versatur,
1057 585 1093 643 ut
1112 586 1191 644 sunt

301 706 373 786 VH,
396 707 484 789 W,
507 727 535 790 p.
556 708 633 785 3533
658 704 746 789 §992
768 728 796 790 p.
816 709 879 771 325
903 709 956 774 cir.
975 710 994 792 ξ
1011 710 1063 792 88,
1085 731 1113 793 p.
1132 710 1205 776 365.

300 816 374 898 VII,
397 817 416 899 ς
434 817 484 898 15,
506 837 535 899 p.
554 817 616 880 300
630 817 682 897 (P);
708 817 795 899 §14,
817 838 846 901 p.
866 813 970 904 abab

300 945 413 1029 Itaque
448 947 476 1010 si
507 949 581 1028 quis
613 947 698 1024 velit,
734 948 818 1011 hanc
852 949 903 1012 vel
926 949 1015 1012 illam
1039 950 1255 1013 coniecturam

191 1057 341 1138 accipiat3
378 1074 436 1139 ego
472 1060 577 1119 utram
610 1076 729 1140 sequar
766 1057 884 1122 dubius
923 1059 1055 1140 haesito,
1089 1057 1149 1121 hoo
1180 1077 1256 1122 vero
1356 1051 1361 1057 ’

193 1184 295 1228 unum
319 1184 401 1247 nego
425 1165 607 1228 inducendo
623 1166 814 1249 particulam
830 1168 1005 1230 tollendam
1022 1187 1101 1231 esse.
1147 1166 1256 1231 Habes

192 1275 281 1337 enim
304 1275 338 1336 in
361 1273 518 1338 Varronis
541 1275 591 1338 his
607 1274 707 1363 libris,
729 1277 888 1360 imprimis
904 1277 940 1339 in
956 1278 1089 1359 septimo
1106 1296 1256 1358 magnam

191 1382 336 1446 locorum
360 1385 609 1466 multitudinem,
641 1384 699 1448 ubi
733 1391 939 1469 epoetarum
970 1384 1089 1448 fabulis
1112 1386 1164 1448 vel
1188 1404 1255 1448 car-

192 1492 335 1556 minibus
359 1513 472 1559 versus
495 1496 684 1573 laudantur3
713 1495 748 1557 in
772 1494 891 1577 quibus
916 1493 1065 1558 omnibus
1089 1499 1162 1558 ante
1186 1515 1256 1559 ver-

191 1621 265 1666 sum
288 1603 454 1666 laudatum
480 1607 537 1666 aut
560 1605 664 1667 solum
687 1609 798 1688 poetae
822 1623 941 1667 nornen
963 1609 1002 1666 ut
1034 1602 1172 1667 ‘Ennius
1194 1602 1255 1666 Pa-

192 1714 318 1794 cuvius,
341 1712 495 1792 Naevius
518 1713 664 1777 Plautus'
698 1718 754 1777 aut
785 1733 860 1776 oum
885 1713 991 1797 ‘apud’
1023 1715 1255 1796 praepositione

191 1823 401 1885 coniunctum
426 1823 550 1906 legitur.
606 1823 721 1906 Itaque
745 1844 819 1887 cum
843 1842 908 1886 uno
937 1823 997 1886 hoc
1024 1823 1093 1884 loco
1117 1823 1256 1904 interpo-

193 1930 275 1993 lator
299 1951 362 2013 qua
385 1950 419 1994 re
443 1932 601 1995 adductus
617 1934 659 1996 sit
675 1937 711 1995 ut
724 1932 914 2016 particulam
934 1929 1085 2013 ‘quidem’
1101 1931 1257 1994 insereret

192 2038 323 2103 difficile
346 2040 388 2103 sit
411 2041 507 2122 dictu,
532 2047 567 2104 ut
590 2043 703 2106 ceteris
726 2043 804 2105 locis
827 2043 871 2104 ita
902 2042 962 2105 hoc
996 2059 1123 2124 quoque
1146 2044 1255 2103 nostro

193 2166 263 2212 eam
288 2168 305 2212 e
327 2149 408 2212 falsa
430 2149 553 2213 librarii
575 2151 712 2217 lectione
743 2154 779 2215 in
812 2157 996 2216 contextum
1025 2152 1153 2214 venisse
1175 2151 1256 2212 mihi

191 2276 344 2340 persuasu

298 2386 446 2470 Denique
470 2392 598 2454 tertium
621 2391 717 2454 huius
739 2391 915 2473 particulae
937 2391 1052 2469 locum,
1076 2408 1172 2470 quem
1196 2408 1254 2471 ego

191 2497 294 2577 attuli,
319 2517 419 2559 unum
444 2500 587 2561 omnium
611 2501 859 2562 venalissimum

300 2625 356 2708 VI,
380 2627 467 2710 §bib
490 2649 519 2711 p.
537 2627 600 2690 246
625 2629 750 2692 codices
774 2631 821 2692 sio
844 2627 1012 2691 exhibent:
1039 2627 1183 2711 ‘Spoudit
1207 2631 1255 2690 est

190 2735 334 2819 Sponsor
358 2737 488 2820 quidem
510 2737 606 2801 faciat
629 2739 789 2822 obligatur
812 2739 955 2823 Sponsus
980 2735 1205 2821 Consponsus.'

299 2868 457 2943 ‘Quidem’
481 2870 670 2952 particulam
693 2871 722 2933 h.
738 2870 758 2934 l.
783 2891 849 2935 non
864 2878 950 2934 recte
965 2870 1028 2952 legi
1043 2870 1128 2931 inter
1143 2886 1255 2931 omnes

190 2984 330 3057 constat3
365 2999 422 3060 pro
459 2999 522 3061 qua
557 2982 755 3042 coniecturas
786 3001 805 3041 a
833 2979 994 3052 veteribus
1027 2977 1254 3058 interpretibus

191 3086 291 3152 factas
320 3088 405 3171 apud
433 3087 639 3171 Spengelium
667 3106 860 3171 cognoscere
883 3087 965 3149 lieet.
1017 3085 1165 3167 liquibus
1189 3084 1254 3148 Sci·

193 3200 278 3281 oppii
306 3199 522 3261 coniecturam
546 3197 714 3261 scribentis
746 3197 813 3280 ‘qui
848 3195 936 3259 dum'
964 3195 1154 3279 Spengelius
1184 3196 1255 3279 pnl-

190 3308 304 3370 ohram
344 3309 470 3390 putavit
508 3308 595 3388 adeo,
634 3313 670 3371 ut
700 3309 736 3369 in
771 3311 927 3371 contextu
959 3307 1137 3371 collocaret.
1193 3306 1255 3370 Sed

193 3419 249 3500 qui
283 3421 354 3500 post
385 3417 592 3501 Spengelium
617 3418 675 3482 hos
708 3419 747 3482 de
770 3420 790 3481 l.
815 3418 835 3480 1.
868 3416 967 3481 libros
992 3417 1092 3481 edidit
1124 3416 1254 3480 Carolus

194 3525 373 3592 Odofredus
405 3528 580 3592 Muellerus
615 3547 683 3591 eam
720 3547 830 3592 veram
865 3547 936 3592 esse
970 3528 1108 3610 negavit,
1139 3532 1170 3590 et
1199 3527 1255 3608 qui

192 3640 303 3720 paucis
342 3641 436 3702 annis
470 3644 542 3722 post
583 3638 622 3701 de
656 3639 717 3701 hoo
751 3638 821 3702 loco
856 3643 887 3702 et
922 3635 1116 3703 recensendo
1151 3637 1182 3696 et
1217 3633 1255 3694 il·

299 3816 326 3885 1)
344 3815 377 3869 In
395 3816 490 3869 eadem
507 3817 558 3869 hac
577 3815 677 3884 pagina
695 3818 816 3871 extrema
833 3794 997 3870 Havniensis
1017 3813 1114 3878 Codex,
1138 3810 1254 3864 bonitale

193 3909 333 3977 proximus
353 3907 514 3976 Florentino,
542 3907 610 3963 falso
633 3909 743 3963 exhibet
770 3903 898 3978 ‘quidem’
923 3925 971 3978 pro
994 3923 1026 3961 ea
1044 3921 1113 3974 quae
1131 3919 1197 3958 vera
1214 3905 1256 3956 est

190 3998 271 4054 lectio
289 3994 370 4069 ‘quod
389 4001 452 4054 est'l
469 4031 505 4040 -

298 4093 329 4148 L.
348 4091 495 4147 Muellerus
512 4091 541 4145 in
559 4093 600 4146 ed.
620 4092 705 4147 Lucil.
724 4111 750 4162 p.
771 4093 823 4148 158
841 4093 946 4148 scribit:
965 4089 1045 4160 ‘Quei
1062 4091 1166 4161 thynno
1186 4130 1192 4146 .
1212 4134 1218 4147 .
1239 4098 1254 4142 .’
