2782 4614
675 295 734 356 118

173 477 472 562 quemadmodumll
508 484 556 544 est
589 479 676 543 filius
711 479 752 541 ad
785 483 918 561 patrem,
953 479 999 541 sic
1033 483 1083 542 111
1104 477 1171 542 filia
1195 480 1238 543 ad

172 588 327 652 matrem'.

276 697 315 779 V,
339 699 358 780 ξ
384 697 446 762 100
469 720 498 782 p.
526 698 587 760 102
623 699 776 780 scriptum
800 700 848 760 est
874 697 909 758 in
933 695 1111 760 codicibus:
1144 690 1239 762 ‘Ursi

173 805 303 870 Lucane
327 809 414 890 origo
438 808 490 871 vel
514 807 601 871 unde
624 807 672 869 illi
696 807 799 870 nostri
822 806 861 869 eb
885 808 987 890 ipsius
1010 805 1108 887 voce',
1137 826 1238 889 quem

171 916 280 979 locum
315 935 375 980 nec
411 917 601 1001 Spengelius
637 936 710 979 cum
744 916 953 999 interpungat
984 907 1075 980 ‘Ursi
1102 913 1239 980 Lucana

173 1027 261 1110 origo
285 1026 339 1090 vel
361 1027 447 1091 unde
469 1027 528 1105 illi,
550 1027 652 1089 nostri
676 1025 715 1088 ab
739 1026 842 1108 ipsius
865 1024 954 1088 voee'
978 1044 1038 1088 nec
1056 1025 1237 1091 Muellerus

172 1137 375 1220 distinguens
396 1128 487 1200 ‘Ursi
508 1135 633 1200 Lucani
657 1136 754 1217 origo,
786 1135 838 1198 vel
862 1134 949 1198 unde
971 1135 1027 1216 illi,
1059 1136 1171 1217 nostri,
1194 1137 1237 1200 ab

171 1247 277 1329 ipsius
300 1246 389 1309 voce'
412 1247 447 1308 in
472 1246 616 1308 ordinem
639 1245 770 1328 redegit.
816 1243 859 1307 ut
882 1243 1078 1328 eSpengelii
1101 1247 1238 1328 quidem

171 1356 430 1438 interpunctione
460 1356 557 1418 huius
589 1355 652 1417 loci
686 1355 788 1436 prima
811 1374 885 1437 pars
910 1374 1009 1418 sensu
1033 1359 1082 1418 est
1105 1357 1238 1439 optimo,

171 1465 245 1527 hoc:
277 1456 368 1528 ‘Ursi
389 1466 425 1527 in
448 1463 589 1528 Lucanis
622 1463 752 1526 oriundi
782 1468 860 1526 sunt
882 1464 935 1526 vel
957 1464 1044 1527 unde
1067 1465 1115 1528 illi
1138 1467 1237 1550 origi-

171 1593 246 1637 nem
270 1574 460 1654 duxerunt’;
493 1575 620 1658 reliqua
650 1572 749 1636 verba
781 1573 860 1655 qnid
888 1573 949 1636 sibi
972 1573 1073 1637 velint
1095 1593 1162 1636 non
1187 1574 1236 1636 di-

170 1683 316 1747 lucidum
339 1690 396 1764 eust.
442 1683 591 1748 Muelleri
613 1702 689 1746 vero
713 1682 752 1745 de
771 1682 914 1746 hocloco
930 1683 1086 1766 iudicium
1103 1684 1235 1766 penitus

171 1795 338 1874 totumque
361 1794 560 1857 reiciendum
585 1812 654 1856 esse
678 1812 806 1856 censeo:
833 1790 918 1866 Quid
942 1793 1027 1855 enim
1053 1796 1114 1855 ost:
1141 1784 1235 1857 ‘Ursi

169 1899 294 1964 Lucani
311 1903 399 1985 origo
424 1951 430 1966 .
455 1954 461 1966 .
489 1954 495 1967 .
521 1902 560 1965 ab
575 1904 677 1985 ipsius
693 1901 803 1965 vooe'?
849 1901 934 1964 Nam
954 1901 1160 1965 manifestum
1175 1907 1235 1983 est,

169 2008 350 2074 Varronem
384 2011 491 2075 verbis
526 2031 610 2095 quae
644 2017 722 2075 sunt
753 2003 843 2074 ‘Ursi
865 2009 997 2075 Lucana
1031 2010 1139 2095 origo'‚
1173 2012 1234 2076 has

169 2118 287 2183 bestias
321 2120 409 2183 unde
443 2101 540 2184 01111ι
560 2140 629 2185 1111
653 2123 815 2185 existimet
839 2119 1029 2204 significare,
1061 2140 1126 2183 non
1149 2124 1235 2185 veri-

168 2229 317 2311 loquium
349 2249 460 2293 earum
492 2232 633 2294 nominis
662 2249 832 2312 exponere.
881 2229 975 2305 Quod
999 2231 1027 2293 si
1050 2232 1235 2315 explicaret,

168 2338 267 2401 verba
296 2332 444 2402 ‘Lucani’
479 2344 510 2404 et
541 2331 654 2424 ‘origo'
689 2341 802 2422 utiq'ue
838 2341 998 2403 omisisset
1033 2341 1234 2424 dixissetque

166 2438 285 2510 ‘Ursus
318 2448 357 2510 ab
389 2449 491 2530 ipsius
524 2469 602 2513 voce
627 2449 775 2530 (dictusl'.
822 2448 947 2512 Deinde
975 2451 1003 2512 si
1025 2454 1110 2512 recte
1132 2451 1233 2514 inter-

168 2561 283 2640 pretor,
315 2557 413 2620 verbe
443 2549 517 2638 ‘vel
551 2560 636 2623 unde
670 2560 717 2623 illi
752 2559 785 2643 (i.
811 2579 836 2622 e.
861 2555 1009 2642 Lucani),
1041 2561 1143 2622 nostri
1176 2563 1232 2640 (sc.

168 2663 262 2749 ursi)’
295 2703 336 2712 -
369 2668 590 2749 quaerendum
623 2673 671 2732 111
706 2687 784 2731 rene
814 2687 890 2730 vera
925 2667 1095 2730 crediderit
1126 2667 1232 2732 Varro

167 2773 318 2840 Lucanos
350 2778 506 2861 originem
538 2779 677 2842 traxisse
701 2799 719 2841 a
742 2777 875 2842 Latinis.
923 2775 1007 2852 ulid
1028 2779 1142 2864 plural
1189 2778 1233 2844 Et

168 2904 279 2949 sanam
296 2888 488 2950 sententiam
506 2894 537 2951 et
553 2889 697 2972 linguam
714 2887 871 2950 Varronis
888 2887 1120 2951 desideramus:
1143 2892 1231 2972 quod

168 3013 226 3078 ego
249 2999 426 3077 utrumque
450 2997 510 3059 hac
533 3017 605 3059 mea
628 2999 814 3061 coniectura
836 2998 985 3060 restituo:

421 3096 512 3168 ‘Ursi
534 3103 665 3168 Lucana
697 3108 784 3189 origo
818 3106 869 3170 vel
902 3107 988 3170 unde
1019 3107 1077 3187 illi,
1111 3127 1230 3172 nomen

327 3212 366 3275 ab
390 3213 493 3295 ipsius
517 3213 614 3277 voce'.
1232 3218 1234 3223 ’

271 3320 419 3385 Primum
453 3323 553 3406 igitur
588 3324 743 3407 originem
780 3323 952 3406 Ursorum,
991 3326 1106 3391 deinde
1145 3332 1228 3394 veri-

162 3430 311 3513 loquium
335 3432 475 3496 nominis
497 3434 626 3497 indicat.
674 3432 766 3508 Quod
789 3439 896 3498 autem
923 3437 1053 3521 reposui
1074 3428 1228 3520 tnomen’,

162 3545 194 3604 et
216 3559 275 3623 per
297 3560 331 3604 se
353 3542 462 3623 ipsum
487 3544 731 3607 commendatur
753 3549 785 3607 et
806 3543 956 3607 facillime
980 3544 1149 3629 depravari
1170 3569 1228 3632 po-

160 3649 224 3712 tuit
257 3649 429 3714 alibrario
465 3656 500 3715 ut
529 3651 683 3716 scriberet
714 3645 848 3734 ‘nostri¹‚
882 3655 958 3736 quia
993 3658 1228 3739 oppositionem

161 3758 289 3840 qualem
313 3759 461 3823 videmus
487 3765 522 3824 ut
544 3761 585 3843 V,
609 3763 628 3843 ἓ
655 3763 695 3825 98
720 3761 859 3847 (veteres
883 3801 927 3809 —
950 3764 1082 3848 nostri);
1116 3766 1135 3849 ᾗ
1161 3766 1225 3830 166

160 3865 276 3951 (nostri
300 3905 343 3914 -
367 3865 503 3952 Graeci),
535 3871 596 3934 hoc
624 3874 763 3955 quoqne
776 3873 846 3935 loco
869 3878 998 3957 propter
1020 3894 1132 3938 vocem
1153 3868 1225 3940 ‘illi’

158 3977 298 4059 cogitare
332 3977 367 4039 in
401 3983 530 4060 promtu
564 3986 621 4046 est.
673 3980 747 4045 Non
781 3982 970 4066 praeteribo,
1005 3972 1225 4051 coniecturam

157 4077 371 4091 ——-———-

265 4116 291 4187 1)
310 4116 350 4171 Do
368 4117 419 4171 hac
438 4118 572 4186 particule
590 4136 672 4190 supra
690 4122 755 4176 dixi.
