2782 4614
630 241 671 304 35

120 423 208 499 Quae
232 443 305 487 cum
331 426 376 487 ita
399 426 471 495 sint,
495 426 581 489 haud
607 429 671 490 scio
688 447 729 490 an
749 428 908 510 praeferre
933 435 1074 512 oporteat
1100 437 1182 494 stru-

120 539 243 596 cturam
267 534 441 597 verborum
465 535 561 598 hanc:
588 535 753 619 ‘Sequitur
774 541 865 620 porta
884 537 1015 620 Naevia,
1038 540 1123 622 quod
1148 542 1183 602 in

120 642 306 706 nemoribus
330 642 478 721 Naeviis3
514 647 559 707 ita
595 648 681 709 eninr
704 647 782 725 loca,
816 647 874 710 ubi
898 668 943 728 ea,
979 654 1056 711 sunt
1080 648 1183 728 dicta‚'

120 754 172 816 rel
196 772 277 835 quae
312 772 378 815 nou
413 755 521 817 minus
556 755 620 817 leni
653 755 790 818 efficitur
812 758 972 820 medicina
1008 757 1062 821 ‘ita
1097 759 1182 821 enim

118 863 196 944 loca,
220 863 276 926 ubi
300 881 335 925 ea
360 870 416 943 est,
440 862 541 925 dicta’.

224 970 299 1034 Tres
330 976 430 1056 igitur
458 974 578 1056 protuli
614 974 750 1037 sanandi
781 975 869 1038 illius
901 975 961 1038 loci
990 978 1137 1057 rationes,
1166 996 1183 1040 e

121 1081 240 1163 quibus
266 1101 461 1167 quacunque
493 1085 545 1146 hic
578 1083 636 1145 tibi
670 1089 802 1146 sanatus
836 1102 906 1148 esse
929 1085 1066 1167 videtur,
1098 1092 1183 1149 certe

120 1191 189 1254 loco
212 1192 390 1274 particulae
415 1192 555 1254 ‘etenim’
581 1193 788 1257 scribendum
814 1213 883 1258 esse
909 1194 963 1257 ‘ite
983 1194 1080 1258 cnim'
1104 1195 1184 1257 mihi

120 1319 329 1365 assensurum
353 1306 384 1364 te
408 1322 478 1366 esse
503 1322 602 1385 spero.

186 1486 188 1489 Ι
225 1410 299 1487 VII,
325 1412 343 1492 ξ
370 1412 386 1472 l
412 1433 440 1494 p.
466 1413 527 1474 281
562 1414 647 1495 quod
681 1413 834 1476 traditum
867 1419 915 1476 est
947 1413 1086 1476 ‘etenim’
1118 1416 1183 1477 iam

119 1520 282 1583 Victorius
305 1528 389 1584 recte
412 1523 550 1584 mutavit
573 1524 606 1584 iu
632 1522 677 1585 ‘ut
701 1519 832 1587 enim’ll

229 1628 301 1709 Vll,
326 1631 343 1710 ἕ
363 1631 401 1691 11
427 1651 455 1713 p.
474 1629 539 1692 294
563 1652 619 1714 pro
640 1652 683 1696 eo
709 1632 796 1714 quod
819 1633 853 1692 iu
871 1632 979 1695 codice
1004 1639 1051 1695 est
1075 1632 1182 1695 ‘Enim

121 1740 190 1802 loca
214 1757 298 1821 quae
327 1740 390 1801 sint
419 1739 566 1823 designat
594 1761 669 1804 cum
705 1742 795 1805 dicit:
821 1789 827 1801 .
852 1739 869 1801 .’
905 1739 1095 1824 Spengelius
1119 1743 1182 1825 legi

120 1849 224 1912 iubet:
243 1847 401 1911 ‘Eteniml
433 1849 500 1913 Nos
516 1870 591 1914 cum
610 1850 641 1913 O.
656 1849 690 1914 Ο.
705 1851 869 1931 Muellero,
893 1850 947 1912 cui
971 1851 1183 1935 adstipulatur

121 1954 308 2039 mantuae
333 1959 504 2023 scribimus
529 1960 587 2022 ‘Ea
611 1959 716 2023 euim‘.

228 2067 366 2148 VIIL&
398 2069 414 2128 7
449 2090 477 2153 p.
503 2070 565 2131 396
601 2069 687 2150 quod
720 2071 802 2132 servi
836 2088 1072 2149 nonnunquam
1103 2068 1182 2132 falsa

124 2176 260 2240 dictione
283 2183 421 2241 utuntur
444 2179 546 2241 Varro
571 2165 778 2240 excusatius
802 2177 921 2240 verbis:

230 2283 303 2361 ‘Qui
334 2289 361 2350 si
394 2307 630 2370 nonuunquam
665 2287 839 2363 offendunt,
872 2306 937 2349 non
969 2292 1016 2349 est
1047 2287 1180 2349 mirum:

122 2395 240 2460 etenim
263 2394 347 2474 illi,3)
380 2400 436 2480 qui
459 2399 555 2481 primi
578 2399 710 2460 nomina
736 2399 962 2479 imposuerunt
985 2394 1090 2475 rebus,
1120 2396 1183 2458 for-

120 2510 203 2568 tasse
227 2507 325 2568 auin
351 2507 543 2589 quibusdam
568 2509 632 2571 sint
655 2508 755 2590 lapsi’.

226 2615 437 2680 Scribendum
455 2636 533 2698 esse⁷
556 2623 593 2681 ut
608 2638 686 2681 vera
705 2620 745 2681 sit
762 2617 936 2696 excusatio,
960 2634 1017 2696 pro
1043 2613 1182 2676 ‘etenim'

120 2725 161 2788 ‘et
185 2725 282 2789 enim'
306 2729 431 2808 primus
455 2727 535 2790 vidit
559 2725 749 2807 Christiusxll

226 2834 435 2918 Relinquitur
459 2857 544 2899 unus
568 2838 603 2898 iu
618 2837 667 2899 his
692 2837 730 2899 de
754 2837 773 2899 1.
791 2836 810 2897 1.
826 2834 918 2897 libris
936 2835 1029 2896 locus
1045 2831 1087 2913 X,
1104 2832 1122 2914 ξ
1140 2831 1181 2893 68

119 2966 153 3028 p.
173 2944 236 3008 582
262 2948 331 3010 sine
354 2946 420 3009 ulla
444 2947 620 3028 scripturae
644 2947 827 3009 diversitate
852 2949 881 3008 et
904 2946 938 3006 in
963 2942 1127 3006 codicibus
1151 2947 1182 3005 et

119 3056 153 3117 in
178 3055 374 3118 editionibus
398 3057 537 3138 scriptus
562 3057 621 3119 sic:
648 3055 799 3120 ‘Tertium
822 3074 924 3138 genus
948 3058 995 3116 est
1017 3052 1099 3115 illud
1125 3052 1181 3114 du·
1293 3103 1295 3107 .

118 3164 195 3247 plen
218 3202 260 3210 —-
284 3166 317 3226 in
343 3184 406 3246 quo
431 3171 461 3228 et
484 3185 535 3229 res
559 3174 589 3228 et
611 3184 707 3229 voces
741 3165 886 3227 similiter
908 3163 1112 3246 proportione
1136 3163 1181 3224 di-

120 3279 239 3336 cuntur
262 3311 304 3318 —
329 3274 366 3337 de
397 3295 536 3356 quorum
568 3277 716 3358 analogia
747 3281 778 3337 et
801 3272 1032 3357 Aristophanes
1065 3277 1095 3334 et
1128 3272 1181 3333 alii

120 3383 328 3466 scripserunt.
374 3384 504 3448 Etenim
527 3387 605 3448 haec
630 3386 769 3465 denique
792 3382 939 3465 perfecta,
970 3386 1005 3444 ut
1028 3383 1062 3443 iu
1087 3384 1184 3443 orati-

228 3592 254 3660 1)
272 3595 312 3648 De
331 3596 381 3648 hoc
400 3594 459 3649 loco
478 3595 547 3648 infra
566 3594 717 3647 accuratius
736 3593 873 3645 disseram.

226 3687 253 3751 2)
272 3702 298 3753 p.
318 3687 397 3741 3611.
417 3688 477 3744 203.
1021 3733 1026 3742 .

227 3777 254 3843 3)
273 3776 336 3831 'illa’
357 3779 446 3844 codd.;
477 3773 530 3830 1111
552 3779 621 3847 quod
640 3778 740 3830 habent
764 3781 790 3830 ct
809 3779 913 3830 veteres
932 3777 1032 3831 multae
1050 3777 1182 3830 editiones

121 3867 148 3917 et
166 3865 195 3920 C.
215 3866 245 3921 O.
265 3869 421 3940 Muellerus,
441 3871 523 3924 etiam
542 3868 700 3938 Spengelius
720 3870 813 3936 probat
832 3869 881 3937 (lle
901 3871 1118 3938 emendrat.1··‚
1139 3873 1184 3933 13)

121 3958 148 4009 et
166 3974 252 4026 nuper
270 3959 399 4016 Grothius
417 3962 434 4017 1.
454 3980 476 4017 c.
496 3981 521 4030 p.
541 3962 566 4016 8.

225 4051 253 4120 4)
273 4053 507 4108 clr.Pl1ilol.rol.
527 4055 599 4109 XVI.
619 4071 644 4121 p.
664 4055 724 4108 4:34.

971 4152 1005 4208 3*
