2782 4614
670 242 710 303 66

159 435 187 497 si
220 433 344 496 codices
376 434 551 515 sequimur,
587 434 718 496 omnino
753 452 816 495 non
842 437 942 508 extat,
977 437 1009 493 at
1031 432 1065 492 in
1090 430 1158 492 loco
1183 427 1222 508 V,

160 541 271 623 §lbL
294 562 323 625 p.
343 539 414 622 151,
438 560 532 623 quem
557 543 683 604 codices
708 541 860 604 exhibent
884 541 943 603 sic:

267 649 370 726 ‘Quod
395 649 573 732 Syracusis,
597 650 654 713 ubi
679 651 717 713 de
741 670 838 713 eausa
854 650 1091 727 custodiuntur,
1104 666 1223 710 vocan-

160 761 213 822 trir
237 760 395 840 latomiae,
419 765 448 823 et
473 760 511 822 de
534 759 707 824 Lautumia
730 761 929 840 translatum,
959 758 1045 842 quod
1068 758 1120 819 hic
1145 775 1223 838 quo·

161 889 224 952 que
247 871 281 931 in
306 888 343 932 eo
366 869 437 932 1000
461 870 651 952 lapidicinae
675 869 825 933 fuerunt'

265 978 433 1043 Turnebus
457 999 514 1062 pro
537 978 646 1042 verbis
671 978 713 1042 ‘et
736 977 785 1041 ‹le’
814 978 925 1041 intulit
949 976 1099 1058 ‘exinde’,
1125 996 1224 1058 quam

160 1090 377 1152 coniecturam
412 1088 603 1171 Spengelius
638 1090 788 1171 optimam
826 1088 1004 1150 arbitratur.
1051 1086 1118 1150 Nos
1152 1105 1221 1148 eam

57 1277 59 1282 Ι
159 1198 369 1281 repudiamus
392 1217 429 1260 ac
446 1197 636 1260 Muellerum
652 1199 759 1281 potius
776 1199 943 1279 sequimur
958 1192 1223 1277 Iordanumquell
1304 1258 1309 1265 ,

159 1290 336 1370 scribentes
361 1303 491 1374 ‘inde’2t

265 1414 406 1478 Elibris
442 1416 528 1479 der.
556 1438 580 1479 r.
605 1417 703 1480 huius
738 1416 914 1500 particulae
948 1415 1095 1496 exempla
1127 1412 1224 1475 affero

159 1526 250 1588 haec:
275 1523 299 1603 l,
325 1523 377 1604 20,
400 1527 421 1586 4
445 1523 526 1605 (Alii
549 1528 665 1603 asellis,
690 1527 745 1589 alii
768 1527 873 1589 vaccis
897 1544 933 1587 ac
958 1524 1053 1586 mulis
1078 1526 1227 1601 utuntur,

160 1634 277 1697 exinde
301 1639 338 1696 ut
359 1634 470 1717 pabuli
492 1635 627 1699 facultas
644 1643 698 1700 est.
744 1636 827 1699 Nam
844 1634 972 1696 facilius
989 1633 1108 1695 asellus
1125 1651 1225 1714 quarn

163 1763 260 1806 vacca
284 1743 390 1823 alitur,
424 1745 480 1806 sed
503 1743 695 1809 fructuosior
718 1746 826 1825 haeo);
859 1743 884 1822 1,
909 1745 951 1804 24
975 1739 1144 1826 (Mantum
1169 1740 1226 1802 alii

163 1851 244 1914 CLX
266 1855 358 1915 aiunt
381 1871 451 1915 esse
474 1854 664 1935 modiorum,
688 1854 741 1916 alii
766 1855 811 1916 ita
834 1853 942 1915 minus
960 1871 1114 1935 maguum
1130 1854 1167 1912 ut
1183 1849 1224 1911 ad

164 1960 257 2024 CXX
281 1962 453 2024 descendat
477 1971 507 2025 et
531 1964 649 2028 exinde
673 1970 709 2026 ut
731 1983 809 2026 vasa
826 1963 943 2025 olearia
959 1967 1037 2043 quot
1054 1965 1084 2023 et
1103 1962 1226 2041 quanta

162 2071 311 2150 habeant)
336 2109 379 2116 —
403 2072 521 2153 quibus
552 2072 678 2135 duobus
711 2073 745 2134 in
768 2073 847 2135 locis
871 2071 912 2133 ad
935 2071 1172 2153 proportionem
1196 2072 1227 2130 et

162 2182 319 2243 rationem
342 2180 425 2243 hauc
448 2201 560 2244 vocem
576 2183 686 2246 reterri
705 2178 887 2264 videmus3).
901 2217 942 2225 --
955 2179 1114 2243 Primaria
1128 2179 1227 2241 huius

162 2291 340 2373 particulae
365 2289 555 2373 significatio
581 2312 678 2374 quam
701 2310 771 2354 esse
788 2291 922 2354 localem
945 2295 1070 2353 constat
1085 2289 1228 2351 cernitur

162 2387 188 2479 I,
212 2401 263 2480 28,
287 2397 317 2480 2,
351 2420 547 2482 quamquam
572 2401 612 2464 ad
635 2406 763 2484 tempus
787 2398 1032 2464 describendum
1057 2397 1226 2460 translata:

163 2508 212 2571 ‘ad
237 2510 475 2590 aequinoctium
501 2510 685 2574 autumnale
709 2511 776 2574 dies
798 2508 931 2573 LXVII.
956 2505 1058 2588 exin4)
1082 2507 1122 2570 ad
1145 2505 1230 2569 Ver-

160 2619 311 2701 giliarum
345 2638 494 2681 occasum
529 2620 598 2684 dies
622 2619 778 2683 XXXII?
803 2619 858 2684 cfr.
883 2619 908 2700 Ι,
927 2617 978 2695 31,
1003 2618 1036 2681 3:
1072 2616 1228 2702 ‘(Palma)

163 2728 247 2791 dieta
269 2730 371 2812 primo
395 2728 525 2793 videtur
547 2750 566 2792 a
588 2731 749 2813 pariendo,
781 2731 947 2814 parilemm
981 2731 1058 2793 exin
1094 2728 1229 2791 mutatis

160 2837 271 2918 literis,
295 2839 384 2901 utin
411 2839 530 2919 multis,
554 2838 616 2902 diei
640 2845 749 2923 coepta
771 2836 927 2923 palma’.5)

270 3065 299 3130 1)
316 3064 426 3134 Topogr.
446 3084 510 3120 rorn.
529 3067 549 3119 Ι.
570 3085 595 3135 p.
615 3069 676 3123 507.

269 3155 298 3223 2)
318 3155 450 3221 Quoniam
467 3159 541 3212 huno
559 3160 648 3214 locum
666 3161 814 3230 tetigimus,
833 3159 984 3214 accuratius
1002 3159 1031 3212 in
1045 3163 1132 3213 cetera
1144 3159 1230 3213 verba

163 3247 301 3314 inquirere
320 3248 395 3301 nobis
413 3248 500 3303 liceat.
539 3249 568 3304 Ο.
580 3251 726 3305 Muellerus
744 3252 816 3306 enim
834 3253 895 3305 ante
914 3250 1028 3304 alterum
1048 3250 1135 3320 ‘quod'
1150 3252 1229 3305 addi-

163 3338 204 3390 dit
222 3337 291 3405 ‘vel’,
312 3355 392 3406 quam
411 3342 604 3396 correctionem
622 3342 675 3396 loci
692 3344 778 3411 ipsius
797 3359 878 3397 sensu
896 3345 924 3396 et
936 3342 1064 3398 Varronis
1076 3359 1148 3397 more
1161 3343 1230 3397 satis

163 3430 345 3484 commendari
373 3431 447 3485 dicit.
485 3435 522 3486 At
546 3449 632 3504 neque
656 3451 758 3488 morem
780 3434 852 3488 huno
876 3435 1075 3488 Varroniannm
1099 3434 1229 3504 intellego

164 3537 251 3591 neque
275 3522 328 3576 1001
352 3523 439 3592 ipsius
464 3541 545 3579 sensu
566 3525 635 3578 illud
662 3524 721 3578 ‘vel'
741 3527 870 3594 postulari
889 3528 975 3581 video.
1012 3527 1135 3581 Alterum
1153 3526 1229 3580 enim

162 3613 231 3667 illud
258 3615 353 3683 ‘quod’,
384 3616 413 3669 in
441 3617 519 3671 initio
548 3616 679 3670 enuntiati
704 3617 829 3686 positum,
860 3618 1016 3673 translatam
1044 3634 1102 3672 csse
1129 3633 1227 3670 vocem

164 3704 323 3760 Lautumiae
342 3706 452 3776 indicat,
477 3709 592 3764 alterum
611 3725 672 3762 vero
690 3708 778 3776 ipsam
797 3709 913 3764 nominis
932 3725 1041 3763 eausam
1060 3710 1226 3763 domonstrat

165 3795 198 3849 of.
218 3797 247 3851 O.
268 3796 296 3850 F.
316 3797 360 3852 W.
378 3799 493 3853 Mueller
510 3800 528 3854 l.
548 3817 570 3854 c.
590 3817 615 3867 p.
630 3800 681 3855 792
700 3818 726 3855 n.
745 3803 770 3862 1.

270 3890 300 3959 3)
321 3888 374 3944 cfr.
394 3890 487 3960 Georg.
506 3891 636 3945 Wichart.
657 3890 835 3945 ‘Lateinische
853 3891 986 3946 Stillehre’
1006 3909 1031 3961 p.
1053 3894 1102 3947 137
1122 3893 1191 3948 extr.

270 3983 300 4050 4)
321 3981 361 4035 De
378 3985 430 4038 hac
448 3984 596 4052 particulae
608 3984 701 4052 forma,
721 3984 769 4038 clr.
781 3984 946 4037 Lachmann.
966 3983 1227 4051 adLucr.IH,159,

270 4073 298 4144 5)
317 4073 358 4127 De
376 4076 504 4131 hocloco
522 4076 585 4129 vide
597 4075 717 4129 Kailium
735 4092 762 4143 p.
779 4075 824 4130 23.
844 4106 878 4114 —
890 4075 942 4128 Hie
963 4076 1030 4129 mihi
1042 4075 1123 4128 liceat
1135 4074 1230 4142 paucis
