2782 4614
689 252 728 315 10

173 443 247 506 cula
281 442 504 524 condicionali,
535 441 638 505 multe
670 446 777 505 tamen
814 443 916 525 aptior
948 443 994 505 sic
1024 445 1235 526 exprimatur.

172 551 253 615 Mihi
278 552 408 635 quidem
431 571 498 613 nen
522 555 602 635 apte,
626 552 682 615 sed
705 552 788 615 male
812 553 991 616 correxisse
1014 550 1149 613 videtur.

278 679 421 745 Tertium
444 682 543 745 huius
555 683 683 764 generis
699 683 886 747 coniciendo
907 684 1033 746 restitui
1050 683 1236 767 exemplum

172 789 231 870 ΙΧ,
256 790 365 872 ἕ114,
388 812 418 875 p.
437 791 510 872 541,
543 792 581 854 de
617 812 681 875 quo
713 792 798 854 infra
830 791 1007 876 disputabo,
1061 791 1130 856 Nec
1160 813 1238 856 vero

175 900 292 963 desunt
314 902 348 963 in
371 901 462 964 libris
487 921 617 985 queque
650 903 689 966 do
712 924 736 965 r.
760 923 783 964 r.
807 902 878 982 loci,
912 900 969 964 ubi
993 901 1108 965 ‘etiam’
1139 905 1239 986 parti-

174 1011 247 1072 cula
271 1030 290 1072 a
312 999 460 1074 Varrone
484 1011 594 1075 eadem
617 1013 740 1074 ratione
769 1011 912 1075 adhibita
939 1017 996 1076 est.
1044 1010 1128 1075 Sunt
1151 1013 1238 1076 enim

279 1139 338 1221 ΙΠ,
364 1141 448 1221 12,1
476 1139 576 1225 (Oves
598 1139 694 1222 ferae,
725 1141 822 1204 etiam
849 1142 909 1204 hoo
932 1142 1049 1222 maius)
1082 1147 1113 1205 et
1141 1161 1240 1224 quem

172 1249 279 1312 locum
305 1269 322 1313 e
345 1248 442 1313 Keilii
475 1247 727 1333 emendationel)
756 1251 891 1334 profero,
917 1249 943 1331 Ι,
962 1251 1004 1311 47
1034 1255 1129 1314 extr:
1162 1250 1240 1332 ‘quo

175 1363 206 1422 et
228 1378 328 1442 pecus
352 1379 370 1421 a
392 1365 482 1443 prato
507 1360 723 1444 ablegandum
747 1365 778 1423 et
801 1378 895 1423 omne
917 1361 1109 1440 iumentum,
1142 1361 1238 1423 etiam

172 1467 361 1548 hominem’3
391 1489 474 1552 quae
499 1469 537 1532 ab
555 1468 731 1533 editoribus
755 1472 926 1553 propagata
942 1474 1018 1532 sunt
1042 1467 1158 1552 (veluti
1182 1468 1239 1532 ‘ao'

174 1583 247 1642 anto
283 1578 401 1642 ‘etiam'
436 1580 588 1663 positum)
621 1578 771 1642 lucundo
808 1578 975 1643 debentur.
1035 1578 1239 1662 Quamquam

173 1689 285 1771 paucis
309 1688 505 1770 quibusdam
537 1690 616 1752 locis
648 1689 727 1752 haec
758 1687 898 1752 formula
931 1689 1039 1772 ‘atque
1063 1688 1170 1751 etiam'
1203 1690 1238 1751 in

173 1798 224 1861 his
247 1799 327 1881 ipsis
352 1799 439 1864 der.
464 1820 488 1861 r.
511 1798 602 1862 libris
635 1799 822 1862 ecodicum
859 1800 1050 1862 auctoritate
1081 1799 1238 1880 originem

175 1910 278 1990 duxit,
297 1913 334 1971 ut
355 1908 414 1990 ΙΙΙ,
432 1909 482 1989 12,
498 1910 531 1987 2,
552 1908 577 1990 Ι,
594 1911 623 1991 2,
644 1909 698 1988 173
715 1910 725 1989 )
743 1928 760 1970 a
775 1907 868 1970 libris
885 1908 924 1970 de
939 1908 958 1971 l.
977 1907 996 1970 l.
1013 1908 1091 1970 haec
1108 1901 1239 1989 queque

173 2019 311 2082 formula
335 2019 432 2082 abest.
449 2055 492 2064 —
516 2018 659 2082 Adhibet
680 2020 781 2102 igitur
804 2022 914 2081 noster
935 2018 970 2080 in
992 2017 1084 2080 libris
1109 2017 1147 2080 de
1169 2037 1195 2080 r.
1213 2037 1239 2079 r.

174 2128 363 2212 particulam
389 2127 507 2193 ‘etiam'
532 2128 708 2211 (valentem
732 2127 847 2209 <(111011,
870 2141 936 2190 non
961 2125 1086 2210 ‘segari
1111 2130 1141 2190 et
1164 2145 1241 2189 cum

175 2243 206 2302 et
229 2240 299 2302 sine
323 2239 514 2321 copulativa,
546 2238 694 2301 inlibris
723 2237 762 2300 de
785 2237 804 2301 l.
830 2238 849 2300 l.
879 2238 1059 2321 copulativa
1092 2236 1238 2298 abstinet.

95 2390 101 2397 ·
176 2346 276 2410 Cuius
308 2350 355 2411 rei
388 2349 586 2411 causamini
614 2349 845 2428 videturesse,
878 2346 963 2428 quod
986 2345 1077 2408 libris
1102 2345 1140 2407 de
1163 2365 1187 2408 r.
1213 2365 1239 2406 r.

175 2458 311 2540 scriptis,
343 2462 381 2520 ut
413 2458 470 2538 qui
494 2476 673 2520 sermonem
705 2457 888 2519 contineant
917 2454 1068 2517 familiari
1101 2454 1240 2517 dictione

175 2563 330 2645 habitum,
352 2565 435 2629 illud
457 2567 690 2650 pleonasticum
714 2584 817 2648 genus
841 2564 967 2627 dicendi
999 2565 1140 2626 maxime
1165 2582 1241 2624 con-

174 2675 309 2737 veniens
333 2694 403 2738 esse
427 2671 645 2752 aestimavit3j

282 2805 388 2877 Venio
411 2826 500 2870 nunc
524 2806 563 2869 ad
587 2806 787 2890 particulam,
819 2805 857 2868 de
892 2824 955 2887 qua
987 2822 1090 2888 nuper
1119 2801 1243 2865 Guilel-

283 3057 309 3123 1)
327 3054 345 3109 1.
364 3072 387 3111 o.
405 3075 431 3125 p.
446 3057 488 3112 29.

283 3148 309 3217 2)
329 3148 376 3202 cfr.
396 3149 449 3203 Sat.
468 3148 539 3205 Men.
558 3147 575 3203 l.
596 3163 618 3201 o.
638 3165 663 3215 p.
680 3147 740 3215 209,
759 3148 819 3203 534.

283 3239 310 3309 3)
328 3239 361 3292 In
379 3240 423 3293 his
441 3241 546 3293 tantum
562 3238 639 3292 libris
658 3237 756 3307 legitur
774 3233 865 3292 ‘etiam
884 3237 1007 3308 quoque',
1035 3237 1111 3291 velut
1128 3237 1150 3306 Ι,
1171 3238 1194 3305 1,
1209 3237 1242 3303 3,

177 3331 257 3399 2,14.
277 3361 311 3370 -

283 3423 350 3477 Cum
368 3417 472 3490 ‘neque’
492 3421 624 3490 particula
643 3422 817 3476 coniunctum
835 3423 966 3476 habemus
985 3416 1083 3476 ‘etiam'
1111 3421 1141 3474 in
1163 3420 1240 3474 libris

177 3517 209 3569 de
233 3515 288 3571 1.1.
312 3515 395 3569 semel
423 3513 481 3584 (IX,
502 3516 516 3582 ξ
534 3515 575 3581 71,
600 3531 624 3582 p.
640 3515 711 3584 509),
741 3515 770 3567 in
792 3515 870 3568 libris
893 3515 925 3567 de
947 3531 968 3571 r.
988 3531 1009 3566 r.
1036 3515 1077 3568 bis
1101 3515 1132 3584 (Ι,
1151 3515 1238 3581 2,16;

175 3607 226 3677 ΠΙ,
245 3608 287 3670 16,
302 3607 338 3676 6).
374 3606 435 3659 Huc
452 3623 505 3660 non
523 3607 640 3674 pertinet
651 3606 727 3661 locus
746 3608 792 3675 qui
811 3608 852 3660 est
869 3608 902 3660 de
920 3623 942 3661 r.
960 3623 981 3664 r.
1001 3606 1021 3672 Ι,
1041 3608 1114 3673 65,1
1133 3600 1239 3675 (neque

177 3699 349 3767 etiamdum),
378 3699 505 3766 quoniam
531 3699 606 3752 idem
632 3697 706 3752 valet
728 3700 799 3766 quod
821 3701 942 3752 nostrum
964 3693 1030 3752 ‘und
1053 3698 1124 3751 noch
1145 3695 1240 3751 nicht'.

177 3789 225 3845 cfr,
248 3789 366 3858 Madvig.
395 3790 429 3842 ad
448 3790 504 3847 Cic.
530 3791 624 3843 defin.
645 3790 696 3859 (ed.
715 3790 762 3859 Π.)
786 3807 811 3858 p.
824 3789 877 3846 812
896 3807 921 3843 n.
941 3793 966 3845 2.
995 3820 1028 3828 -
1056 3784 1126 3843 ‘Nisi
1150 3786 1240 3841 etiarn'

176 3897 231 3933 non
248 3880 347 3948 legitur
365 3881 419 3934 nisi
437 3882 469 3934 de
488 3881 507 3936 l.
525 3882 543 3936 l.
562 3882 595 3949 V,
615 3882 703 3950 §l]8‚
722 3900 748 3951 p.
762 3883 822 3951 123,
841 3883 888 3935 ubi
905 3882 934 3935 in
952 3882 1035 3935 altero
1052 3879 1130 3933 verbi
1149 3879 1240 3933 cuius·

179 3973 241 4025 dam
260 3972 410 4040 veriloquio
428 3972 518 4027 locum
537 3974 631 4041 habet3
651 3991 698 4043 pro
718 3991 771 4043 qua
789 3974 903 4030 formula
921 3973 987 4028 alias
1005 3976 1052 4027 aut
1065 3971 1151 4025 solum
1170 3965 1239 4025 ‘nisi’

177 4066 224 4117 aut
240 4059 303 4116 ‘nisi
320 4063 417 4131 potius*
437 4064 587 4118 adhibitum
606 4082 664 4120 esse
683 4068 794 4123 constat.
