2782 4614
678 289 720 352 94

273 474 315 537 Et
342 481 426 539 recte
454 477 505 537 vir
533 475 646 538 doctus
671 467 764 537 ‘sive'
793 475 969 538 tollendum
998 494 1069 539 θεεθ
1091 475 1230 552 iudicat3

167 586 227 647 hoc
250 604 325 647 vero
349 585 526 667 nugariae
550 604 614 646 non
633 585 785 647 traditum
811 603 881 647 θεεθ
901 576 957 646 ‘ab
980 603 1016 646 eo
1041 582 1149 666 quod’,
1174 583 1232 646 sed

161 685 218 756 ‘ab
243 713 280 756 eo
306 694 423 776 quom',
448 713 531 777 quae
554 694 652 757 verba
675 700 760 756 recte
785 712 818 756 se
840 693 957 756 habere
979 693 1119 775 perfecto
1139 685 1233 755 ‘con-

165 805 338 867 ticuerunt’
362 805 525 868 luculente
550 802 787 887 significaturflt
833 801 906 865 Non
930 805 1030 886 igitur
1058 802 1121 864 duo
1146 800 1231 864 Gon·

166 914 270 976 licinii
306 916 394 978 vocis
430 915 609 996 veriloquio
645 920 890 996 componuntur,
926 930 1025 994 qnare
1060 930 1125 972 non
1158 909 1233 972 fieri

166 1027 271 1104 potest
304 1029 340 1085 ut
371 1017 459 1088 ‘nisi’
483 1043 539 1107 pro
561 1016 653 1086 ‘sive'
682 1021 848 1084 scribatur.
893 1020 962 1105 Ego
997 1039 1073 1083 vero
1102 1021 1141 1082 de
1169 1019 1233 1082 hoc

167 1131 236 1194 loco
259 1133 305 1194 ita
327 1135 445 1210 iudico,
471 1141 507 1196 ut
532 1135 670 1216 primunr
690 1133 777 1194 illius
800 1133 888 1194 vocis
913 1133 1068 1214 originem
1083 1130 1233 1207 indicari,

166 1247 235 1304 tum
272 1247 401 1325 tempus
434 1243 605 1306 conticinii
639 1239 736 1325 Opilii
764 1241 871 1304 verbis
906 1239 1042 1303 describi
1082 1240 1230 1306 arbitrer.

167 1348 281 1432 itaque
305 1370 363 1433 ego
376 1351 566 1415 ‘Varronem
590 1353 756 1433 scripsisse
791 1357 868 1432 puto
902 1351 994 1412 haec:
1028 1341 1061 1411 ca
1095 1351 1232 1412 contici-

168 1461 285 1523 scendo
303 1459 528 1542 Contioinium,
552 1461 638 1543 quod
661 1480 712 1531 (sc.
737 1465 886 1542 tempus,
911 1467 947 1522 ut
959 1459 1084 1542 Opilius
1108 1459 1231 1540 scribit,

162 1561 218 1631 ‘ab
243 1589 280 1632 co
305 1591 402 1653 quom
426 1572 651 1633 conticuerunt
673 1569 840 1633 homines’.
886 1568 949 1633 Sed
964 1575 1130 1651 utcunque
1149 1569 1233 1632 haee

165 1679 349 1742 coniectura
383 1700 416 1743 se
445 1680 546 1760 habet,
579 1686 663 1742 certe
688 1679 777 1742 ‘sive'
805 1680 994 1761 particulam
1018 1679 1107 1741 nullo
1131 1678 1231 1740 modo

165 1789 218 1849 bic
242 1788 385 1852 obtinere
407 1808 500 1872 posse
524 1789 602 1851 mihi
625 1791 779 1872 persuasi.

274 1895 380 1971 Quare
402 1900 437 1960 iu
461 1897 552 1960 libris
576 1899 615 1960 de
639 1901 655 1961 l.
679 1899 698 1959 l.
724 1898 813 1961 ‘sive'
831 1899 919 1961 nullo
938 1899 1007 1961 loco
1024 1900 1069 1960 ita
1083 1899 1230 1980 positum

164 2013 222 2087 cst,
246 2016 282 2069 ut
305 2007 463 2089 significet
487 2006 573 2085 ‘vel'3
608 2009 663 2089 qui
687 2015 795 2071 autem
818 2010 880 2071 loci
901 2027 918 2071 θ
937 2006 1084 2071 Muelleri
1119 2009 1232 2071 conie-

162 2124 256 2178 ctura
272 2116 462 2199 particulam
479 2119 525 2180 sic
545 2117 717 2180 adhibitam
733 2118 894 2199 praebent,
918 2137 1028 2180 omnes
1052 2136 1117 2179 uon
1142 2117 1232 2179 bona

164 2226 324 2288 medicina
348 2233 475 2289 sanatos
498 2246 568 2290 esse
591 2247 679 2290 nuuc
703 2226 935 2291 demonstrabo.
981 2226 1023 2288 Et
1050 2227 1107 2308 qui
1135 2227 1231 2290 locus

162 2340 212 2396 θεῖ
245 2334 285 2415 V,
320 2337 339 2415 ξ
370 2333 410 2397 73
445 2356 473 2417 p.
504 2337 544 2397 78
581 2335 703 2399 ‘Honos
741 2337 780 2399 ab
815 2337 947 2400 honesto
988 2335 1110 2415 onere’,
1149 2355 1230 2398 eum

163 2442 199 2505 Ο.
216 2443 393 2507 Muellerus
418 2446 463 2508 sic
486 2447 637 2508 mutavit:
663 2445 786 2508 ‘Honos
811 2445 850 2508 ab
874 2447 993 2509 honere
1017 2446 1085 2508 sive
1109 2445 1228 2509 ouere'.

160 2553 225 2617 Sed
249 2554 339 2616 nulla
363 2573 443 2636 opus
467 2560 516 2617 est
539 2551 748 2622 mutatione3).
795 2555 879 2618 Nam
903 2555 942 2617 ad
966 2556 1123 2638 originem
1153 2556 1227 2637 qui-

161 2663 235 2725 dem
274 2662 417 2726 Honoris
456 2663 605 2727 vocabuli
652 2665 878 2748 explicandam
918 2663 1085 2727 sufficiunt
1125 2664 1226 2727 verba

163 2772 284 2837 ‘Honos
319 2773 358 2836 ab
394 2773 514 2851 onere'3
551 2774 605 2836 sed
629 2792 694 2836 non
718 2776 874 2857 originem
906 2774 1015 2853 mode,
1047 2766 1225 2837 sedetiam

160 2882 427 2966 significationem
461 2883 611 2945 vocabuli
642 2888 749 2945 noster
780 2883 957 2965 patefacere
989 2883 1071 2959 vult,
1105 2884 1151 2946 ita
1188 2889 1225 2947 ut

161 2995 256 3074 quasi
291 2994 354 3055 duo
389 2995 555 3056 enuntiata
590 2993 621 3052 in
660 3012 759 3054 urium
797 2993 953 3056 coaluisse
984 2992 1127 3076 putanda
1149 2995 1224 3075 sint,

161 3101 252 3164 haec:
275 3093 400 3164 tHonos
429 3101 467 3163 ab
493 3100 602 3163 onerc'
623 3137 665 3144 —
686 3093 812 3164 ‘Honos
844 3108 891 3165 θεῖ
922 3104 1095 3166 honestum
1119 3103 1223 3167 onus’.

161 3208 200 3287 V,
224 3210 324 3289 §145
348 3231 376 3293 p.
397 3211 457 3272 146
483 3210 568 3294 quod
600 3212 634 3273 iu
666 3211 829 3274 codicibus
853 3219 901 3275 θεῖ
921 3204 1159 3295 ‘Angiportum
1196 3215 1224 3276 si

159 3319 193 3380 id
233 3319 267 3401 (i.
305 3339 330 3383 e.
364 3319 528 3403 pervium)
572 3325 746 3403 angustum
771 3342 777 3381 :
803 3321 842 3383 ab
882 3321 1005 3404 agendo
1045 3326 1077 3385 et
1115 3321 1222 3404 portu'

160 3427 196 3490 Ο.
221 3428 396 3493 Muellerus
431 3450 496 3492 non
528 3430 701 3508 intellexit3
735 3430 845 3493 scribit
876 3433 963 3494 enim
990 3423 1222 3514 ‘Angiportum

159 3540 228 3601 sive
253 3539 339 3620 quod
363 3540 395 3601 id
420 3546 605 3621 angustum,
629 3540 696 3602 sive
719 3539 758 3602 ab
783 3540 907 3622 agendo
925 3547 956 3603 et
970 3540 1083 3624 portu’.
1120 3542 1224 3624 Atqui

266 3838 293 3902 1„
313 3835 370 3889 Hoc
389 3837 460 3890 idem
481 3838 579 3891 accidit
599 3838 714 3893 Christio
733 3841 762 3891 in
782 3841 872 3908 philol.
893 3842 944 3896 vol.
964 3839 1052 3909 XVII,
1078 3858 1102 3909 p.
1121 3839 1164 3893 60.
1190 3839 1224 3892 de

161 3927 213 3981 hoc
231 3926 290 3981 loco
309 3929 463 3998 disputanti.

265 4021 293 4086 2)
312 4019 365 4074 cfr.
384 4019 505 4089 Spengel.
525 4022 554 4075 in
573 4025 693 4077 ciusdem
712 4025 802 4094 philol.
823 4024 874 4078 vol.
894 4023 982 4090 XVII,
1003 4042 1027 4093 p.
1047 4023 1108 4077 303.

265 4112 294 4182 3)
313 4112 354 4165 Ne
368 4113 396 4169 b,
415 4112 442 4166 F.
456 4113 499 4166 W.
513 4113 659 4170 Muellerus
679 4116 786 4183 quidem
807 4115 839 4167 do
856 4115 956 4169 tradita
973 4114 1088 4169 lectione
1106 4111 1224 4168 dubitat.
