2782 4614
667 280 727 343 115

165 465 322 530 matribus
346 485 387 529 ne
411 465 548 530 cubent’.
597 463 666 547 Ego
683 483 760 527 vero
776 464 865 530 hunc
888 466 995 529 locum
1019 465 1112 527 aliter
1134 465 1228 527 intel-

165 576 235 657 lego
270 581 367 656 atque
402 575 547 656 editores
581 595 655 638 eum
688 580 719 636 et
740 594 797 657 pre
819 567 883 637 ‘ne'
908 578 1056 657 expectes
1076 567 1128 636 ‘ut
1150 572 1227 636 non'

166 692 197 748 et
218 686 254 746 in
276 686 316 747 iis
341 703 423 766 quae
456 690 647 766 sequuntur,
676 689 845 766 praecepta
879 688 984 746 cetera
1012 683 1114 746 insint
1149 702 1228 765 quo·

163 794 257 858 modo
281 796 316 856 in
340 794 500 856 alimoniis
524 794 747 856 armenticium
781 813 881 876 pecus
916 792 1045 855 tractari
1074 796 1227 875 oporteat.

165 903 254 979 Quae
279 905 387 966 omnia
406 895 476 965 ‘sie’
500 903 660 984 particula
682 903 824 966 indicata
847 921 918 966 esse
940 905 1028 984 puto,
1064 920 1161 983 quam
1186 900 1226 964 ob

163 1033 230 1076 rem
254 1013 440 1095 interpungi
463 1012 562 1074 velim
586 1013 645 1074 sic:

272 1121 321 1183 ‘ln
344 1121 505 1184 alimoniis
529 1169 535 1182 .
560 1171 567 1184 .
591 1172 598 1185 .
621 1142 719 1206 pecus
743 1123 788 1185 sic
802 1120 1022 1185 contuendum
1036 1142 1042 1181 :
1056 1119 1226 1185 Laetantes

163 1250 204 1294 ne
228 1231 378 1294 cubent.
403 1281 409 1292 .
434 1279 440 1291 .
465 1230 542 1293 ete’.

271 1340 312 1421 Π,
338 1342 367 1421 5,
392 1341 432 1402 18
453 1332 631 1404 ‘Numerus
656 1341 695 1403 de
718 1341 819 1402 tauris
841 1346 872 1402 et
890 1341 997 1405 vaceis
1012 1335 1083 1405 siel)
1107 1338 1226 1401 haben-

165 1450 235 1530 dus,
259 1453 353 1514 utin
378 1452 547 1532 sexaginta
570 1470 657 1512 unus
681 1451 722 1511 sit
745 1449 926 1529 anniculus,
951 1451 1030 1513 alter
1052 1447 1180 1512 bimus’.

270 1556 295 1633 1,
319 1560 415 1638 aaa
444 1558 606 1622 Victorius
641 1557 773 1620 tradidit
806 1558 898 1620 haee:
931 1550 1086 1621 ‘Tertium
1120 1577 1225 1641 genus

164 1668 305 1744 seminis,
330 1668 416 1748 quod
440 1687 481 1729 ex
505 1667 617 1730 arbore
641 1687 698 1750 per
721 1666 867 1730 surculos
892 1666 1033 1730 defertur
1055 1668 1088 1728 in
1106 1674 1225 1730 terram

165 1778 191 1837 si
215 1777 250 1837 in
274 1777 410 1840 humum
434 1777 614 1840 demittitur
643 1778 677 1839 in
710 1776 904 1858 quibusdam
939 1796 1014 1839 cum
1044 1782 1091 1839 est
1113 1776 1225 1840 viden-

163 1885 241 1947 dum
266 1932 272 1946 .
297 1884 314 1946 .'
340 1906 436 1968 quam
459 1887 680 1969 perturbatam
705 1905 775 1950 esse
791 1887 960 1949 lectionem
977 1890 1008 1948 et
1025 1886 1224 1949 maculosam

163 2000 300 2077 apparet.
347 1995 415 2057 Iam
439 2015 515 2058 vero
530 1995 691 2060 Gesnerus
717 1995 802 2078 quod
827 1994 938 2058 scribit
957 1987 1017 2057 ‘sie
1037 1996 1072 2057 in
1087 1995 1222 2058 humum

164 2102 352 2186 demittitur,
386 2111 423 2168 ut
456 2107 490 2166 in
527 2106 722 2188 quibusdam
747 2110 855 2166 tamen
879 2105 920 2166 sit
943 2103 1119 2165 videndum
1143 2153 1149 2165 .
1175 2152 1181 2164 .
1205 2104 1223 2166 .'

163 2231 251 2274 error
286 2233 391 2278 errore
426 2222 475 2278 est
509 2215 701 2277 cumulatus.
759 2213 827 2295 Ego
868 2232 942 2276 eum
977 2211 1137 2295 Scaligero
1177 2214 1223 2275 sie

162 2321 281 2384 scribo:
304 2315 458 2388 tTertium
481 2344 586 2409 genus
610 2324 751 2404 seminis,
775 2321 860 2406 quod
885 2340 926 2385 ex
950 2320 1062 2384 arbore
1078 2341 1136 2404 per
1156 2341 1224 2384 sur·
1283 2353 1285 2360 ι

162 2432 251 2495 culos
276 2432 436 2498 deseritur
462 2437 496 2498 in
525 2442 651 2498 terram.
696 2432 893 2512 Videndum,
928 2436 994 2493 ut.
1019 2427 1067 2514 32)
1114 2429 1226 2494 Restat

162 2547 199 2602 ut
233 2561 337 2605 unum
372 2544 557 2607 huiusmodi
591 2543 699 2606 locum
734 2559 979 2605 commemorem
1008 2539 1033 2621 Ι,
1058 2539 1109 2621 64,
1135 2541 1150 2602 1
1178 2533 1225 2604 ‘id

163 2650 296 2730 quidam
320 2653 366 2714 sie
391 2652 495 2715 solent
518 2654 667 2733 111111-,
691 2659 728 2714 ut
751 2653 898 2715 traiciant
916 2652 952 2713 in
978 2650 1223 2728 11111111...’;

164 2777 228 2840 quo
251 2759 321 2821 loeo
345 2759 384 2821 de
404 2753 475 2824 ‘sie’
498 2761 655 2843 particula
677 2761 757 2823 nihil
782 2767 831 2824 est
862 2780 1010 2842 unquam
1043 2759 1222 2824 dubitatum

162 2887 222 2929 nee
246 2868 470 2934 dubitandum.
517 2868 631 2952 Itaque
666 2871 694 2934 si
728 2871 904 2933 omittimus
938 2871 1025 2933 locos
1061 2870 1118 2951 qui
1148 2874 1226 2931 sunt

163 2977 186 3055 1,
211 2976 263 3060 10,
286 2980 320 3057 43
345 2978 387 3059 11,
413 2979 440 3060 5,
466 2979 687 3059 1111111111
712 2979 750 3042 de
773 2987 798 3043 1.
823 3001 847 3042 r.
868 2972 945 3044 ‘Sic'
970 2979 1127 3063 particula
1160 2982 1225 3041 tres

162 3087 351 3151 huiusmodi
373 3089 460 3153 locos
484 3094 628 3173 occupat,
651 3087 800 3151 inlibris
824 3090 863 3153 de
886 3091 906 3154 1.
931 3091 951 3153 l.
975 3085 1118 3166 unum.3)

267 3197 359 3261 Haec
383 3199 422 3262 de
445 3199 676 3282 particularum
700 3218 783 3280 quae
807 3204 883 3261 sunt
903 3191 971 3261 ‘ita'
997 3204 1027 3261 et
1040 3191 1111 3261 ‘sic'
1137 3198 1225 3260 diffe-

268 3463 297 3528 1)
315 3456 368 3515 ‘sit'
388 3462 445 3519 Pol.

269 3554 295 3619 2)
315 3553 372 3607 Hoc
391 3555 496 3607 etiamsi
515 3571 568 3608 non
588 3555 658 3606 reete
678 3569 706 3606 se
725 3553 830 3620 habeat,
859 3555 930 3606 certe
956 3556 1012 3606 tam
1031 3553 1097 3605 bene
1116 3553 1225 3621 excogi-

161 3647 246 3698 tatum
265 3648 307 3698 est
325 3645 444 3712 mihique
464 3645 552 3712 placet
570 3645 647 3712 adens
672 3648 703 3697 ut
730 3661 792 3698 curn
809 3639 910 3712 ‘aquila
934 3643 964 3696 in
983 3644 1108 3698 nubibus’
1136 3661 1225 3698 errare

161 3749 241 3802 quarn
261 3737 340 3790 aliani
360 3737 473 3788 narrandi
499 3736 572 3789 viam
590 3737 658 3790 inire
682 3737 782 3791 malim.
819 3730 898 3788 ‘Sunt
920 3737 1010 3788 autom
1036 3753 1068 3790 ea
1091 3753 1158 3805 quae
1181 3737 1225 3788 hic

161 3831 281 3894 aplrosite
300 3831 383 3895 eraut,
403 3827 440 3880 111
458 3827 549 3894 inepta
567 3831 598 3881 ut
615 3828 681 3882 alias
700 3828 777 3882 nobis
795 3825 976 3881 convincenda
999 3845 1058 3882 esse
1077 3845 1130 3882 non
1149 3831 1225 3896 pute·

162 3920 229 3973 rnus’
249 3919 409 3990 (Scaliger).

268 4012 295 4078 3)
314 4011 473 4079 Fragmenta
499 4014 604 4080 praeter
631 4011 700 4065 illud
729 4012 800 4080 quod
825 4011 946 4065 diximus
969 4011 1122 4080 exemplum
1141 4028 1155 4065 e
1174 4027 1225 4068 ror.

161 4104 214 4156 div.
234 4101 311 4155 libris
330 4101 485 4156 huiusmodi
504 4119 558 4156 nou
576 4103 693 4158 habent·

1014 4205 1048 4264 8*
