2782 4614
675 291 717 355 62

268 484 318 546 Ad
344 485 476 547 alteram
501 482 616 546 deinde
639 483 811 547 formulam
836 502 918 566 quae
942 490 989 546 est
1013 483 1086 569 ‘quo
1103 520 1146 528 —
1162 483 1222 562 ου’,

161 599 198 656 ut
221 600 432 670 transeamus,
466 593 632 656 enuntiata
665 593 724 656 hoc
758 594 852 656 modo
875 593 979 656 Varro
999 596 1045 655 in
1068 592 1160 656 libris
1185 593 1223 656 de

160 705 181 766 l.
205 704 223 766 l.
252 723 421 785 nunquam
444 704 529 766 inter
552 721 585 765 se
609 704 751 781 conexit3
782 705 818 764 in
841 702 932 765 libris
956 707 1062 765 autem
1086 703 1125 765 de
1147 724 1173 768 r.
1199 724 1222 765 r.

161 813 239 875 haec
262 811 400 874 formula
423 813 457 874 in
474 831 572 875 usum
587 814 698 876 uenire
714 814 827 896 coepit,
850 812 1009 895 siquidem
1027 812 1106 875 haee
1121 832 1224 894 pauca

161 922 309 1004 exempla
342 941 412 985 eam
444 921 632 985 ostendunt:
672 922 697 1002 Ι,
730 923 815 1004 32,1
851 921 1032 985 ‘Arationes
1066 971 1072 983 .
1106 971 1112 984 .
1147 970 1152 983 .
1186 941 1223 985 eo

161 1029 557 1113 fructuosiores1lfiunt,1)
583 1050 647 1113 quo
672 1031 821 1095 calidiore
844 1036 927 1094 terra
951 1028 1111 1111 aratur’.2)

269 1139 398 1204 Omissa
421 1145 469 1204 est
491 1140 648 1223 particula
676 1139 734 1202 ‘eo'
765 1141 799 1201 in
823 1139 885 1201 bis:
920 1137 944 1218 I,
968 1137 1053 1221 nat
1087 1140 1223 1223 'plantae

161 1250 266 1312 solum
291 1249 450 1330 stabilius,
474 1269 536 1332 quo
561 1251 657 1313 latius
681 1299 687 1311 .
712 1301 718 1314 .
744 1249 866 1312 radices
891 1297 896 1310 .
923 1298 929 1312 .
955 1248 1060 1312 mittit'
1093 1248 1135 1330 ΙΙ,
1160 1251 1222 1330 3,3

161 1358 278 1422 ‘ovium
313 1377 423 1422 semen
456 1358 580 1422 tardius
613 1378 696 1439 esse,
734 1379 797 1442 quo
833 1360 892 1421 hae
918 1360 983 1422 sint
1012 1359 1222 1442 placidiores.)

160 1467 402 1532 Restituendam
437 1487 507 1532 esse
545 1469 626 1532 banc
662 1469 833 1532 formulam
873 1487 947 1530 cum
982 1467 1100 1531 Ursino
1130 1473 1224 1550 putat

161 1576 377 1641 Schneiderus
410 1577 434 1659 Ι,
460 1578 520 1653 9,6
553 1578 610 1641 ubi
645 1598 727 1663 quae
750 1581 785 1641 in
809 1577 973 1641 codicibus
997 1583 1045 1641 est
1067 1578 1223 1660 particula

162 1685 272 1769 ‘quod'
296 1687 374 1750 mihi
392 1708 410 1750 a
429 1689 543 1750 ceteris
559 1687 736 1751 editoribus
755 1693 840 1751 recte
857 1692 982 1751 servata
999 1705 1068 1750 esse
1086 1687 1223 1751 videtur.

162 1795 275 1878 Itaque
299 1816 357 1880 ego
380 1797 489 1860 locum
512 1799 558 1861 sic
580 1798 666 1880 lego:
693 1797 741 1860 ‘In
765 1798 918 1862 mediocri
940 1803 1033 1878 terra,
1056 1798 1150 1860 utin
1173 1797 1224 1860 Ti-

162 1905 258 1988 burti,
292 1907 378 1988 quod
400 1908 533 1990 propius
558 1907 679 1970 accedit
710 1912 747 1969 ut
774 1926 838 1970 non
864 1908 905 1970 sit
923 1925 1034 1988 macra
1067 1927 1163 1990 quam
1187 1914 1225 1972 ut

162 2018 204 2079 sit
226 2018 345 2097 ieiuna,
369 2035 406 2079 eo
431 2006 471 2079 ad
494 2035 605 2080 omnes
628 2037 680 2081 res
703 2013 946 2104 commodior·'.³)

267 2125 331 2188 Hic
366 2126 443 2188 mihi
481 2126 575 2190 liceat
616 2146 864 2190 commemorare
902 2128 1090 2209 particulam
1125 2128 1223 2212 adem

161 2237 302 2319 quaein
325 2234 416 2299 libris
441 2236 479 2299 de
502 2257 526 2298 r.
549 2257 573 2298 r.
599 2238 694 2300 certis
719 2241 872 2319 quattuor
899 2237 1056 2318 exemplis
1079 2256 1224 2321 compro

161 2345 265 2427 batur,
287 2348 322 2408 in
345 2345 417 2425 illis,
442 2365 524 2428 quos
548 2347 587 2409 de
610 2347 629 2408 l.
653 2346 672 2408 l.
696 2345 861 2426 habemus
884 2346 1014 2409 omnino
1038 2365 1104 2410 non
1127 2351 1224 2411 extat.

47 2540 49 2543 Ι
162 2452 319 2529 Quattuor
342 2459 448 2517 autem
473 2456 620 2538 exempla
637 2459 713 2518 sunt
735 2455 828 2517 haec:
853 2452 878 2534 Ι,
902 2454 983 2534 40,1
1010 2457 1225 2538 (usqueadeo

161 2583 268 2647 parva,
292 2570 329 2627 ut
351 2564 416 2627 sint
439 2561 599 2642 obscural;
635 2563 677 2645 Π,
700 2562 783 2644 4,11
818 2562 887 2629 lsus
918 2582 1023 2646 usque
1050 2564 1128 2628 adeo
1151 2566 1224 2648 pin-

159 2672 329 2756 guitudine
353 2693 494 2738 crescere
517 2675 606 2751 solet,
639 2678 676 2736 ut
706 2692 739 2736 se
770 2674 840 2756 ipsa
863 2677 950 2735 stans
974 2675 1132 2737 sustinere
1155 2694 1225 2737 non

162 2779 308 2866 possae.)
353 2782 411 2864 ΠΙ,
435 2784 496 2866 4,1
523 2786 644 2866 (Atque
668 2780 772 2862 adeoll
805 2801 869 2845 non
900 2782 1111 2847 dissimulabo
1135 2785 1226 2868 quod

160 2893 242 2972 volo,
279 2893 318 2956 de
354 2893 523 2956 ornithone
557 2890 723 2976 primuml3
763 2892 812 2972 16,
833 2891 869 2954 31
910 2895 1108 2975 (permanent
1142 2895 1225 2958 adeo

160 3001 306 3084 libenter,
329 3008 365 3065 ut
389 3053 395 3065 .
420 3052 425 3063 .
451 3004 516 3066 sint
538 2997 751 3071 contentaessl.)

268 3111 463 3197 ssuamquam
500 3112 656 3195 particula
690 3113 723 3182 in
762 3109 853 3173 libris
888 3110 927 3173 de
959 3111 978 3172 l.
1011 3114 1032 3175 l.
1067 3133 1134 3176 non
1166 3132 1225 3176 ex-

160 3295 334 3303 ———-—-——
347 3297 371 3302 a<

268 3379 296 3447 1)
315 3375 486 3434 ‘fructuosior
504 3379 563 3433 fuit*
582 3379 639 3433 Pol.

267 3472 293 3539 2)
312 3470 416 3525 ‘arator'
440 3472 496 3525 Pol.

267 3562 295 3632 3)
313 3564 393 3631 Apud
412 3563 547 3633 Plautum,
566 3565 677 3620 sortasse
696 3563 768 3632 apud
786 3562 938 3615 Terentium
958 3577 1071 3631 quoque,
1089 3561 1157 3615 haec
1169 3561 1226 3614 for-

160 3653 236 3707 mula
252 3669 391 3722 nunquam
411 3657 555 3724 reperitnr;
580 3657 627 3710 cfr.
646 3655 756 3708 Petrum
775 3654 893 3722 Langen.
913 3652 930 3706 l.
944 3670 967 3706 o.
980 3669 1007 3720 p.
1021 3653 1081 3709 289.

266 3746 294 3813 4)
313 3745 417 3814 ‘Usque
436 3748 510 3802 adeo'
530 3765 546 3801 a
564 3747 686 3802 Cornelio
706 3747 809 3813 Nepote
827 3760 969 3812 nusquam,
989 3747 1084 3814 ‘usque
1103 3744 1141 3798 eo'
1161 3744 1224 3813 plu-

159 3836 234 3890 1ibus
251 3835 319 3890 locis
338 3837 442 3889 dictum
461 3853 528 3904 esse,
547 3838 731 3906 Nipperdeius
750 3835 843 3891 docuit
860 3853 902 3904 op.
921 3853 947 3904 p.
966 3837 1008 3890 63.

267 3929 295 3995 6)
314 3928 355 3981 De
373 3927 454 3996 hujus
472 3928 602 3983 formulae
621 3945 702 3983 sensu
720 3928 783 3982 vide
801 3927 940 3981 Handium
958 3927 976 3986 l,
996 3944 1018 3986 e.
1037 3928 1059 3996 Ι,
1078 3944 1104 3996 p,
1123 3927 1176 3982 503
1196 3929 1224 3980 et

160 4019 329 4088 Langonium
347 4019 365 4072 l.
386 4035 408 4074 c.
427 4036 453 4088 p.
473 4020 535 4078 143.

188 4137 190 4141 ⁴
265 4112 292 4180 6)
313 4110 345 4164 ln
363 4110 522 4180 fragmentis
540 4111 640 4180 legitur
660 4114 709 4166 sat.
729 4111 803 4167 Mon.
823 4129 848 4180 p.
864 4113 922 4180 193,
936 4113 997 4167 364.
