2782 4614
683 232 722 297 re

276 416 374 483 Deest
389 399 506 483 vocula
523 418 594 500 ‘nc’‚
611 438 709 501 quam
725 420 929 504 neglegentia
943 419 1067 484 librarii
1082 421 1234 486 omissam

166 532 247 613 puto
271 547 344 591 cum
368 527 536 613 Spengelio
560 526 816 610 Muelleroque.1)

275 636 314 700 In
345 638 437 702 libris
471 638 509 702 de
532 659 557 701 r.
582 657 607 699 r.
630 637 714 700 hanc
745 637 918 702 formulam
949 639 1059 703 videre
1086 639 1161 704 licet
1184 642 1234 704 his

165 747 262 811 locis:
295 746 321 828 Ι,
347 745 407 828 1,3
441 751 493 819 (ne
526 747 603 809 dum
627 747 702 810 rivo
726 747 882 830 quidem);
917 751 980 829 2,4
1003 765 1055 834 (ne
1088 750 1234 832 navigari

162 856 298 939 quidem
321 875 416 939 posse
444 838 579 924 dicanti:
618 855 735 939 quibus
767 858 803 919 in
834 858 913 922 locis
947 877 1022 922 eum
1056 857 1233 922 elevatione

162 967 306 1049 quadam
330 967 416 1030 ,haec
445 966 595 1029 formula
617 965 701 1029 dicta
732 985 768 1029 ac
791 967 946 1030 vertenda
969 972 1018 1031 est
1042 966 1142 1030 ‘nicht
1166 968 1233 1029 ein-

83 1055 84 1058 *
165 1074 251 1138 mal'.
297 1074 345 1139 Eo
369 1080 477 1138 autem
500 1076 570 1139 loco
587 1077 644 1158 qui
667 1080 715 1140 est
737 1075 762 1157 Ι,
787 1076 869 1158 2,11
895 1075 990 1148 (Mon
1014 1075 1109 1139 modo
1134 1095 1232 1139 ovum

164 1184 248 1247 illud
283 1184 446 1248 sublatum
482 1188 543 1266 est,
583 1185 670 1267 quod
704 1185 791 1249 ludis
829 1184 1027 1249 circensibus
1062 1187 1232 1250 novissimi

162 1294 319 1357 curriculi
334 1293 432 1357 finem
448 1293 525 1356 facit
543 1294 717 1377 quadrigis,
742 1295 798 1358 sed
814 1314 855 1358 ne
870 1295 953 1358 illud
977 1295 1107 1378 quidem
1133 1315 1231 1360 ovum

164 1402 318 1482 vidimus,
343 1403 428 1485 quod
452 1403 485 1465 in
511 1403 620 1468 ceriali
641 1422 759 1487 pompa
778 1404 860 1468 solet
875 1423 945 1468 esse
963 1403 1126 1491 primum’)
1151 1407 1229 1489 quid

162 1510 229 1574 sibi
250 1512 329 1575 velit
350 1512 490 1577 formula
512 1514 614 1597 possit
637 1514 814 1597 disceptari.
860 1512 939 1576 Mihi
972 1514 1103 1596 quidem
1131 1516 1231 1580 verba

161 1621 382 1686 construenda
397 1642 468 1688 esse
486 1623 634 1688 videntur
652 1624 711 1686 sic:
738 1622 822 1687 ‘Non
838 1623 934 1686 modo
949 1623 1030 1686 illud
1047 1643 1144 1687 ovum
1162 1645 1230 1689 non

163 1730 331 1795 sublatum
354 1738 403 1796 est
426 1771 478 1814 —‚
502 1734 558 1797 sed
581 1734 676 1796 etiam
698 1752 765 1796 non
780 1733 871 1808 ,111011
893 1733 1035 1797 vidimus
1059 1734 1146 1816 quod
1162 1784 1169 1798 .
1186 1727 1231 1798 32)

273 1943 299 2013 1)
320 1943 480 1998 Coniectura
497 1943 616 1997 restituit
633 1944 703 1998 hanc
716 1943 858 1998 formulam
869 1942 999 1998 Nicolaus
1012 1941 1152 1998 Madvicus
1171 1943 1228 2015 (cf.

163 2035 199 2086 ad
218 2033 272 2088 Cic.
292 2035 325 2088 de
343 2035 388 2094 fin.
409 2035 460 2104 (ed.
479 2035 525 2104 Π.)
544 2053 569 2104 p.
588 2034 641 2089 808
659 2036 698 2105 n.)
716 2035 766 2103 IX,
786 2035 801 2104 ξ
821 2037 891 2103 110
919 2033 984 2090 508:
1010 2029 1067 2087 ‘sed
1085 2052 1120 2088 ne
1137 2035 1166 2089 in
1184 2036 1228 2089 his

164 2124 303 2178 vocabulis
321 2117 456 2193 [quidem'
482 2127 560 2180 inser.
581 2126 692 2195 Madv.],
721 2143 789 2195 quae
808 2127 997 2191 declinantur'3
1026 2127 1097 2193 quod
1115 2127 1228 2180 forsitan

164 2217 238 2269 recte
257 2217 400 2284 scripserit,
437 2218 584 2271 Muellerus
602 2234 650 2286 pro
662 2212 713 2271 ‘ne'
727 2218 809 2271 habet
820 2213 895 2285 ‘nec',
915 2217 986 2286 quod
998 2217 1125 2286 intelligit
1136 2213 1179 2271 ‘ne
1192 2249 1225 2257 —

164 2307 292 2376 quidem'.
329 2307 381 2362 Sed
399 2326 538 2377 nunquam
565 2310 605 2363 ita
622 2312 713 2363 noster
740 2309 847 2364 locutus
865 2313 919 2377 est3
947 2308 1057 2363 deloco
1078 2309 1159 2379 enim,
1189 2325 1225 2377 00

162 2400 207 2452 est
224 2400 257 2453 de
275 2416 296 2454 r.
315 2416 336 2453 r.
355 2401 377 2468 Ι,
397 2400 466 2468 45,2
485 2401 547 2454 ride
565 2401 684 2455 Keilium
702 2401 720 2456 1.
740 2418 762 2456 c.
781 2420 806 2471 p.
826 2404 869 2457 31.

271 2492 298 2560 2)
317 2491 370 2544 Hic
398 2491 466 2544 mihi
492 2492 572 2546 liceat
598 2493 692 2546 afferre
710 2492 807 2562 locum,
838 2493 885 2560 qui
904 2494 944 2546 est
963 2493 995 2546 do
1013 2491 1031 2546 1,
1050 2491 1068 2545 1.
1086 2490 1136 2559 IX,
1156 2490 1171 2559 ξ
1191 2491 1225 2544 33

163 2598 189 2649 p.
208 2581 261 2636 478
289 2576 362 2648 (Qui
390 2585 489 2651 negant
508 2599 566 2637 esse
584 2585 715 2638 rationem
734 2584 879 2654 analogiae,
907 2600 961 2637 non
988 2583 1083 2635 rident
1101 2584 1224 2636 naturam

162 2690 217 2726 non
235 2674 321 2728 solum
341 2674 475 2737 orationis,
504 2675 551 2727 scd
576 2676 657 2730 etiam
676 2676 798 2747 mundi').
836 2676 910 2742 Quae
928 2675 1072 2729 verborum
1091 2668 1241 2727 structura

162 2781 327 2832 quamquam
345 2782 399 2818 non
417 2765 475 2818 sino
493 2767 595 2821 ratione
614 2768 732 2821 admissa
750 2774 798 2834 est,
821 2770 912 2821 tamen
930 2765 1089 2819 insolentiae
1108 2764 1224 2832 speciem

162 2857 357 2923 praeseferre
377 2858 490 2912 dicenda
508 2861 556 2912 est.
593 2860 649 2913 Nos
668 2859 777 2927 quidem
796 2876 859 2913 cum
871 2859 998 2912 Cicerone
1017 2856 1056 2910 sic
1075 2855 1223 2926 loquimur:

160 2941 224 3002 ‘non
243 2947 329 3002 solum
349 2950 423 3019 [non]
443 2951 576 3019 orationis,
605 2951 704 3004 sedne
723 2952 817 3003 mundi
843 2950 952 3019 quidem
971 2948 1065 3001 vident
1082 2947 1223 3001 naturam'.

162 3072 196 3080 —
215 3040 370 3094 Formulam
389 3058 457 3110 quae
484 3045 525 3096 est
543 3042 607 3098 ‘Mon
627 3073 661 3080 -
681 3042 800 3110 000000,
828 3041 952 3096 adhibuit
972 3042 1062 3094 noster
1079 3040 1146 3094 locis
1167 3038 1223 3092 his:

162 3131 203 3185 De
222 3131 239 3189 1,
253 3133 270 3188 1Ι
283 3132 357 3199 tiu,
377 3134 438 3201 §48
457 3152 482 3202 p.
496 3137 546 3189 427
565 3130 635 3188 ‘Non
655 3135 696 3188 est
714 3151 775 3202 ergo
793 3135 823 3187 in
841 3134 884 3187 his
903 3150 1007 3203 000000
1027 3131 1155 3201 analogia'
1176 3132 1222 3184 cs.

160 3221 360 3291 11101101010Ι
384 3243 401 3292 p
429 3227 481 3281 812
500 3244 525 3278 n.
545 3227 569 3282 2.
605 3225 655 3294 IX,
674 3226 690 3294 ἓ
708 3227 742 3279 47
762 3243 787 3294 p.
806 3226 859 3282 489
886 3226 915 3278 10
943 3224 1079 3279 codicibus
1098 3222 1225 3290 leguntur

162 3315 241 3368 haec:
260 3310 381 3384 ‘Rogant
401 3317 425 3370 si
443 3316 591 3371 similitudo
611 3317 646 3370 sit
664 3319 807 3385 sequenda,
827 3334 876 3370 cur
894 3317 1018 3370 malimus
1031 3315 1128 3368 habere
1140 3314 1224 3368 lectos

162 3405 229 3460 alios
248 3424 282 3460 ex
301 3409 387 3476 chore,
407 3408 474 3462 alios
492 3425 527 3461 ex
544 3409 689 3477 testudine,
717 3409 755 3462 sic
777 3409 843 3463 item
862 3426 958 3479 genero
978 3407 1066 3476 aliquo
1086 3406 1144 3459 alio.
1181 3407 1224 3458 Ad

158 3514 230 3567 vquae
250 3499 308 3553 dico
327 3517 381 3554 non
399 3500 634 3554 dissimilitudines
653 3516 758 3570 quoquc
778 3501 855 3569 sequi
873 3516 966 3566 saepe;
985 3499 1066 3566 idque
1084 3497 1133 3567 (sic
1151 3501 1224 3551 recte

161 3589 320 3658 Muellerus3
357 3592 433 3647 codd.
469 3587 588 3661 ritaque’)
619 3609 654 3645 ex
690 3594 784 3646 eadem
818 3590 980 3661 supellectili
1013 3590 1077 3643 licet
1113 3588 1224 3644 videre'.

159 3681 194 3735 In
217 3682 314 3750 quibus
336 3682 433 3735 vitium
457 3682 540 3736 latere
565 3686 689 3753 apparet3
723 3685 816 3755 itaque
843 3686 874 3736 ut
901 3699 963 3736 cum
986 3681 1028 3748 1101
1048 3697 1120 3749 quae.
1144 3697 1223 3749 sequ-

160 3774 245 3826 untur
271 3774 439 3828 consentiant
471 3775 546 3843 haec,
574 3774 709 3831 Hemious
740 3776 890 3844 Stephanus
925 3774 1095 3828 scribendum
1126 3790 1222 3842 propo·

160 3864 214 3916 nit:
245 3858 315 3919 ‘dieo
339 3881 387 3920 nos
411 3865 621 3922 similitudines.
636 3868 650 3920 .’
683 3869 703 3922 C
731 3867 762 3923 Ο.
787 3867 933 3920 Muellerus
957 3865 1122 3935 probabilius
1147 3867 1224 3933 putat

162 3956 233 4023 quod
252 3956 309 4025 ipsc
328 3957 445 4026 repperit
462 3952 523 4013 ‘non
537 3959 768 4014 dissimilitudines
787 3959 871 4013 solum
890 3975 947 4026 nos,
967 3959 1013 4011 sed
1033 3957 1224 4012 similitudines

159 4063 267 4116 000000
287 4050 363 4117 sequi
382 4050 478 4121 saepo'.
515 4049 567 4104 Sed
586 4052 703 4120 primunr
730 4068 836 4120 semper
855 4051 922 4105 dicit
939 4052 1029 4104 noster
1055 4045 1117 4104 ‘non
1136 4049 1225 4104 solum

1012 4149 1045 4208 2*
