2782 4614
680 293 721 352 74

270 479 379 564 Longe
404 501 423 543 a
445 499 521 544 vero
555 479 713 562 particula
739 470 872 541 ‘noenu'
904 478 995 542 abest
1026 477 1086 559 IX,
1109 478 1128 559 ξ
1155 479 1228 559 112,

162 610 192 673 p.
218 589 281 652 539
305 596 385 654 extr.
412 609 508 672 quem
531 589 637 652 locum
662 587 852 671 Spengelius
877 608 894 651 e
917 587 1225 651 oodice'Florentino

165 701 323 782 expressit
346 702 405 764 sic:
428 691 715 781 ‘quemadmodum
737 698 774 777 is,
805 698 861 778 qui
886 696 1013 781 [cum]¹)
1048 702 1162 778 peccat
1191 699 1227 759 in

162 809 212 872 his
237 809 353 891 verbis,
376 808 432 871 ubi
457 808 583 871 duobus
607 808 710 870 modis
734 807 898 887 dicuntur,
929 827 994 870 non
1027 807 1109 869 tollit
1132 807 1229 868 ratio-

162 936 238 980 nem
262 938 337 980 cum
361 920 509 1001 sequitur
531 919 658 997 falsum,
682 918 728 979 sic
752 917 848 979 etiam
871 917 905 978 in
930 916 979 979 his
1004 935 1087 998 quae
1112 916 1227 985 nonin

164 1026 290 1090 duobus
315 1028 492 1092 dicuntur.
511 1077 517 1089 .
535 1077 551 1103 .,
573 1047 638 1090 uon
668 1028 834 1090 scientiam
859 1026 942 1088 tollit
965 1027 1119 1089 orationis
1136 1075 1142 1087 .
1159 1076 1165 1088 .
1183 1076 1189 1088 .
1208 1026 1228 1091 .'

269 1135 543 1219 Praepositioncm
558 1127 616 1198 ‘in'
641 1137 670 1198 h.
687 1137 706 1198 l.
727 1136 895 1198 offensioni
912 1154 982 1199 esse
1000 1139 1103 1217 patet3
1130 1156 1227 1218 quam

165 1242 197 1308 O.
229 1242 265 1306 Ο.
297 1243 473 1308 Muellerus
503 1245 668 1327 vulgatam
710 1250 839 1308 secutus
878 1265 952 1307 cum
992 1244 1159 1308 Vertranio
1198 1250 1231 1308 et

165 1352 311 1436 Scioppio
345 1354 471 1431 delevit,
509 1353 540 1416 C.
569 1353 603 1422 F.
635 1354 686 1417 W.
717 1353 894 1418 Muellerus
930 1375 996 1418 una
1030 1374 1104 1417 cum
1136 1345 1228 1416 ‘non'

161 1462 318 1545 particula
338 1465 372 1526 in
393 1457 524 1527 ‘noenu’
548 1466 693 1527 mutavit.
726 1465 772 1526 At
795 1466 822 1528 si
844 1484 957 1528 verum
981 1465 1133 1528 osthane
1157 1484 1229 1546 par-

163 1574 295 1636 ticulam
319 1579 463 1636 constare
483 1593 499 1636 c
522 1573 630 1637 verbis
651 1567 706 1637 ‘ne
731 1572 869 1653 oenum',
896 1574 1005 1655 itaque
1029 1574 1131 1636 multo
1153 1574 1228 1656 plus

167 1683 271 1746 valere
307 1704 405 1766 quam
438 1677 527 1746 ‘non’
564 1688 660 1765 atque
694 1684 727 1743 vi
760 1701 830 1745 esse
866 1681 976 1745 eadem
1014 1704 1077 1765 qua
1101 1689 1230 1746 nostrae

163 1798 239 1855 sunt
268 1794 447 1856 locutiones
483 1791 583 1854 ‘nicht
616 1794 660 1854 im
695 1792 897 1872 mindestm',
933 1791 1025 1874 ‘ganz
1067 1793 1135 1855 und
1170 1813 1228 1876 gar

162 1901 272 1982 nicht’,
297 1901 525 1984 ‘heineswegs’,
549 1920 607 1983 ego
634 1905 692 1978 qui
714 1901 745 1964 h.
767 1900 787 1964 l.
813 1899 956 1964 obtineat
978 1920 1043 1964 non
1067 1902 1227 1986 intellego.

162 2013 216 2073 An
251 2017 336 2074 recte
371 2030 446 2073 eum
478 2011 569 2093 loqui
604 2011 780 2090 existimas,
813 2012 870 2092 qui
904 2030 977 2073 cnm
1010 2012 1122 2075 dicere
1144 2013 1229 2075 ,velit

164 2120 252 2183 ‘haec
287 2120 385 2183 verba
414 2121 542 2184 duobus
565 2112 669 2182 modis
693 2120 855 2197 dicuntur,
887 2121 943 2182 illa
967 2139 1031 2190 unu
1056 2119 1229 2201 dicuntur’,

164 2232 191 2292 si
214 2230 273 2292 hoc
296 2229 381 2293 idem
404 2229 553 2311 negative
577 2230 745 2311 exprimat,
780 2229 908 2293 ‘noenu’
943 2231 1100 2313 particula
1126 2232 1230 2293 utitur

163 2340 222 2402 sio:
241 2338 330 2401 ‘haec
345 2337 443 2402 rerba
460 2337 588 2401 duobus
604 2339 708 2401 modis
726 2338 885 2420 dicuntur,
909 2341 964 2403 illa
981 2357 1085 2409 noenu
1103 2339 1230 2409 duobus

164 2448 349 2511 dicuntnri’
396 2446 476 2509 Mihi
505 2447 637 2528 quidem
665 2447 706 2509 ad
729 2447 827 2511 huius
850 2450 938 2512 modi
962 2450 1121 2512 contraria
1142 2450 1231 2512 inter

163 2577 196 2620 se
220 2558 410 2640 opponenda
434 2557 527 2619 solita
550 2558 676 2640 negatio
693 2557 848 2639 sufficere,
872 2558 1000 2622 ‘noenu’
1025 2563 1132 2620 autem
1152 2577 1230 2622 cum

162 2668 346 2750 exaggerati
370 2666 492 2749 aliquid
516 2667 550 2728 in
575 2686 608 2730 se
631 2666 755 2748 haheat,
779 2687 844 2730 non
862 2669 956 2730 modo
979 2668 1145 2748 inutiliter,
1169 2669 1229 2731 sed

162 2797 293 2860 prorsus
327 2776 407 2839 falso
441 2779 545 2860 posita
579 2795 649 2840 esse
683 2776 820 2839 videtur.
867 2776 992 2841 Deinde
1023 2777 1051 2840 si
1075 2778 1115 2839 ad
1139 2777 1231 2840 hunc

162 2887 269 2949 locum
302 2887 402 2950 verba
436 2885 584 2948 retuleris
619 2904 699 2968 quae
723 2884 901 2950 Muellerus
933 2887 1007 2950 fecit
1030 2885 1064 2970 (l.
1088 2887 1124 2966 o.)
1157 2886 1230 2950 ‘das

161 2997 315 3079 verlange
339 2996 400 3076 ich,
424 2996 498 3058 dass
514 2996 605 3057 nicht
621 2995 672 3058 die
688 3014 769 3076 pure
785 2994 977 3079 Streichung
992 2996 1080 3060 eines
1100 2995 1230 3060 Wortes

162 3107 209 3168 als
234 3107 305 3169 eine
328 3104 649 3167 Textesemendation
683 3104 886 3187 ausgegcben
911 3106 1001 3186 wird,
1037 3106 1120 3168 ohne
1152 3105 1230 3170 dass

162 3216 245 3278 anch
280 3235 343 3277 nur
376 3211 484 3276 Miene
517 3213 665 3295 gemacht
699 3214 780 3275 wird
803 3234 845 3276 zu
869 3215 1024 3295 erklaren,
1048 3217 1108 3278 wie
1132 3234 1167 3278 so
1192 3233 1229 3278 es

163 3322 289 3385 dorthin
313 3322 505 3405 gehommen
530 3322 599 3384 sein
622 3321 763 3402 konnio’,
787 3344 884 3406 quam
908 3326 948 3387 ad
971 3325 1119 3388 voculam
1144 3344 1230 3406 quae

162 3438 211 3495 est
235 3430 290 3493 ‘in’
315 3451 381 3494 non
406 3430 585 3513 quadrant!
631 3429 796 3495 Facillime
831 3434 915 3495 enim
949 3433 1165 3515 qualicunque
1190 3435 1230 3495 li-

162 3539 260 3603 brarii
285 3560 391 3604 errore
414 3541 500 3603 illam
526 3543 614 3602 nasci
637 3561 730 3624 posse
754 3543 866 3606 elucet.

269 3755 296 3824 1)
313 3750 399 3808 ‘Cum'
419 3752 515 3823 Speng.
539 3756 614 3807 recte
640 3755 784 3809 delendum
807 3758 889 3826 putat.
932 3755 1020 3809 Aliter
1043 3757 1075 3810 de
1098 3756 1228 3812 hocloco

162 3847 244 3900 sentit
263 3846 290 3900 C.
308 3846 337 3903 F.
357 3845 402 3904 W,
415 3845 562 3899 Muellerus
580 3845 597 3898 l.
617 3862 639 3899 c.
658 3863 682 3914 p.
703 3845 754 3900 798
774 3863 824 3915 sq.;
844 3847 904 3900 vult
921 3847 993 3901 enim
1012 3847 1094 3901 scribi
1112 3841 1146 3901 ‘is
1164 3849 1227 3918 qui·

163 3938 286 4007 ounqne',
312 3954 393 4006 quam
418 3937 581 3991 locutionem
600 3954 617 3991 a
634 3937 713 3991 libris
731 3939 763 3991 de
782 3937 800 3990 1.
820 3937 837 3992 l.
857 3938 936 4006 plane
953 3939 1076 4006 alienam,
1105 3955 1137 3992 ea
1156 3955 1227 4007 quae

160 4031 190 4083 in
208 4030 285 4084 libris
305 4031 337 4084 de
355 4046 375 4082 r.
394 4046 414 4081 1.
434 4029 478 4098 (Π,
499 4030 523 4096 7,
542 4030 569 4098 8)
597 4031 671 4082 extat
696 4024 775 4089 ‘is..
803 4031 904 4100 quiqui'
932 4047 1100 4100 nequaquam
1128 4031 1227 4084 confir-

160 4124 261 4176 matam
279 4138 338 4176 esse
357 4122 443 4176 credo.
