2782 4614
676 316 716 380 38

272 506 382 587 Atque
404 504 465 566 hoc
489 503 668 567 ostendisse
692 505 768 567 satis
792 503 957 584 habemus,
991 524 1066 566 nam
1097 524 1133 566 10
1165 524 1229 568 000

165 634 236 678 eam
260 614 336 676 libri
360 614 399 676 de
421 633 446 674 1.
469 632 493 675 r.
517 613 612 695 plane
636 610 748 673 eodem
772 611 894 677 habent
917 618 1013 696 atque
1028 612 1102 675 libri
1119 613 1158 676 de
1173 614 1192 675 l.
1209 614 1228 675 l.

163 723 202 787 Id
226 744 329 788 unum
353 740 650 801 commemoramus
682 721 766 783 hanc
788 722 980 803 particulam
1009 723 1171 786 causalem
1194 724 1230 784 10

163 833 254 897 110110
287 832 412 895 dell.
445 835 551 895 100100
584 831 721 893 01011001
752 832 951 914 assignatam
984 851 1054 896 esse
1087 833 1229 914 exceptis

164 941 291 1005 duobus
314 942 364 1005 his
387 942 466 1004 locis
491 939 545 1023 VI,
570 941 588 1021 ξ
609 940 651 1002 89
674 960 703 1022 p.
722 939 800 1018 20ος
825 940 885 1022 IX,
909 939 985 1026 §11
1011 961 1040 1024 p.
1057 939 1122 1003 463
1147 946 1228 1006 extr.

163 1050 205 1113 nt
238 1051 293 1114 illo
330 1052 461 1133 quidem
495 1052 564 1113 1000
600 1048 748 1130 obliquae
784 1052 921 1113 orationi
949 1053 1069 1114 inserta
1097 1053 1146 1112 est
1169 1051 1226 1112 sic:

166 1157 288 1234 ‘Quare
311 1161 363 1222 hic
387 1179 531 1242 accense,
553 1159 620 1221 11110
635 1159 784 1241 praeconi
803 1160 880 1223 dicit
902 1160 988 1241 haec,
1013 1165 1061 1222 001
1084 1157 1230 1243 000001)

164 1269 277 1331 Altero
310 1273 419 1333 autem
450 1271 520 1332 loco
552 1267 612 1349 IX,
643 1266 662 1353 ξ
688 1268 722 1329 11
752 1288 781 1350 p.
806 1267 870 1331 463
895 1274 974 1334 extr.
1009 1270 1164 1352 particula
1195 1270 1230 1332 in

163 1379 412 1461 interrogatione
444 1380 547 1461 posita
585 1384 646 1442 est:
690 1377 784 1442 ‘Oum
825 1379 1059 1461 vituperandus
1092 1398 1157 1441 000
1189 1380 1230 1442 011

164 1489 362 1570 medicus—,
386 1507 485 1570 quare
507 1489 790 1570 reprehendendus
815 1490 856 1552 sit
880 1490 964 1570 qui.
991 1489 1029 1550 θ’
1076 1487 1229 1551 inlibris

164 1597 203 1660 10
229 1618 252 1660 r.
277 1617 301 1660 r.
325 1616 451 1681 semper
473 1602 578 1660 rectae
603 1600 739 1661 orationi
762 1598 881 1661 tributa
905 1603 962 1661 est.

269 1707 322 1770 Ad
349 1707 422 1770 illos
451 1710 555 1769 autem
581 1707 680 1770 libros
705 1708 744 1770 de
766 1708 786 1770 l.
810 1708 829 1769 l.
853 1712 890 1770 ut
925 1707 1104 1788 redeamus
1135 1705 1167 1768 O.
1193 1704 1229 1768 O.

163 1815 341 1880 Muellerus
357 1815 399 1898 X,
417 1818 436 1898 g
454 1818 496 1879 29
511 1838 540 1900 p.
559 1815 622 1879 500
638 1837 695 1899 pro
716 1817 838 1900 ‘quare‘
854 1817 1046 1899 particulam
1067 1815 1229 1899 ‘quippe’

106 2000 111 2010 ι
163 1920 390 2008 econje'ctura
425 1928 460 1988 in
495 1930 649 1990 contextu
684 1927 807 2008 posuit:
846 1945 927 2009 quae
962 1927 1146 2007 conjectura
1178 1926 1230 1988 vel

162 2036 234 2099 ideo
273 2036 472 2118 repudianda
510 2042 571 2116 est,
615 2035 702 2118 quod
746 2035 886 2119 ‘quippe’
930 2036 1015 2118 apud
1050 2035 1229 2098 Varronem

164 2147 295 2208 omnino
318 2165 385 2208 000
408 2146 532 2228 legitur.
580 2146 719 2209 Sensum
742 2164 818 2208 vero
842 2147 868 2208 si
893 2154 1083 2228 spectamus,
1107 2144 1228 2226 ‘quare’

161 2256 238 2318 huic
260 2255 330 2318 loco
353 2255 494 2337 perbene
518 2255 682 2318 convenit:
711 2255 1006 2338 interpungendum
1031 2260 1138 2317 autem
1162 2273 1230 2317 non

102 2387 104 2392 ¹
163 2383 238 2428 cum
262 2363 440 2447 Spengelio,
465 2364 521 2428 sed
545 2383 621 2427 cum
645 2363 810 2426 Muellero

270 2472 310 2555 V,
334 2474 352 2554 ξ
372 2473 434 2536 108
458 2495 488 2556 p.
509 2473 569 2534 111
595 2474 628 2544 10
655 2472 819 2538 codicibus
842 2475 961 2557 legitur
984 2475 1043 2536 sic:

271 2582 333 2646 ‘Ab
358 2583 420 2646 olla
444 2581 539 2645 Olera
563 2582 648 2645 dicta
672 2602 810 2664 quorum
832 2602 985 2666 agenore
1009 2582 1107 2645 cruda
1131 2581 1227 2645 olera*

164 2713 262 2776 quem
285 2694 394 2757 locum
417 2691 593 2755 Muellerus
618 2693 663 2755 010
687 2692 810 2755 scribit:

272 2803 333 2865 ‘Ab
359 2802 421 2865 olla
445 2799 540 2865 Olera
564 2800 656 2883 dicta,
681 2822 780 2884 quare
809 2802 966 2886 degenere
994 2802 1092 2865 cruda
1122 2801 1227 2865 olera’.

269 2911 463 2975 Dubitanter
486 2911 621 2974 verbum
647 2911 826 2994 ‘degenere'
852 2932 886 2975 00
902 2914 1077 2976 0001001000
1093 2911 1228 2975 1100110-

162 3042 219 3085 rus
241 3023 310 3105 ipse
332 3021 463 3083 fatetur:
500 3020 587 3102 quod
611 3040 669 3104 ego
692 3022 811 3085 nollem
835 3024 886 3085 vir
909 3022 1055 3086 eruditus
1080 3040 1227 3104 unquam

163 3131 344 3214 suspicatus
367 3133 458 3193 00001.
498 3129 619 3211 Utique
643 3131 729 3192 enim
753 3131 792 3193 ad
816 3131 993 3195 absordum
1018 3137 1113 3213 atquc
1136 3133 1226 3214 inep-

162 3244 233 3303 tum
267 3240 378 3302 venire
411 3257 542 3302 necesse
576 3244 631 3302 est.
684 3239 798 3322 ltaque
834 3261 852 3302 a
887 3245 1041 3304 contextu
1077 3240 1226 3304 Muelleri

156 3354 282 3417 temere
315 3349 506 3432 interpolato
538 3348 726 3413 recedamus
757 3350 971 3431 traditamque
1005 3351 1173 3413 lectionem
1210 3368 1227 3410 e

162 3467 273 3522 nostra
309 3460 459 3541 opinione
495 3459 685 3523 enodemus!
721 3459 774 3523 Sic
809 3461 895 3522 enim
923 3459 1128 3523 scribendum
1156 3476 1227 3522 esse

161 3679 202 3731 est
229 3671 336 3744 ‘itaque‘
365 3674 418 3729 sibi
445 3674 574 3730 vindicat.
621 3673 679 3740 Quo
706 3678 796 3729 autem
822 3676 881 3730 1000
904 3675 1051 3730 Muellerus
1078 3675 1226 3743 particulae

160 3763 261 3836 ‘quare'
280 3767 332 3821 hoe
351 3766 453 3835 tribuit,
473 3767 543 3837 (VII,
563 3769 577 3835 ξ
593 3768 625 3819 14
643 3783 668 3835 p.
687 3767 759 3838 300),
779 3769 861 3822 1000
880 3768 948 3820 mihi
967 3769 1077 3836 quidem
1096 3767 1226 3821 dubitatio

160 3860 329 3930 relinquitur.

267 3951 490 4020 0100000100,
517 3952 547 4004 in
575 3967 628 4020 quo
654 3952 714 4005 1010
743 3952 932 4005 offendendum
959 3953 1012 4015 001,
1040 3951 1073 4005 ab
1101 3951 1225 4005 omnibus

160 4045 249 4099 adhuc
262 4043 409 4098 editoribus
428 4044 548 4096 servatus
566 4044 616 4098 001.
642 4042 739 4096 Omisit
748 4043 822 4097 hunc
833 4043 923 4098 locum
938 4044 966 4102 C.
979 4043 1009 4097 F.
1019 4045 1064 4100 W.
1079 4043 1224 4097 Muellerus

160 4137 193 4190 de
211 4136 401 4207 inaequalitate
420 4135 560 4189 modorum
580 4133 714 4188 disserens
731 4133 750 4189 1.
769 4151 792 4190 c.
811 4152 835 4202 p.
855 4134 909 4189 810
928 4151 966 4203 sq.
