<?xml version="1.0" encoding="UTF-8"?>
<!DOCTYPE html PUBLIC "-//W3C//DTD XHTML 1.0 Transitional//EN"
    "http://www.w3.org/TR/xhtml1/DTD/xhtml1-transitional.dtd">
<html xmlns="http://www.w3.org/1999/xhtml" xml:lang="en" lang="en">
 <head>
  <title>
</title>
<meta http-equiv="Content-Type" content="text/html;charset=utf-8" />
  <meta name='ocr-system' content='tesseract 3.04.00' />
  <meta name='ocr-capabilities' content='ocr_page ocr_carea ocr_par ocr_line ocrx_word'/>
</head>
<body>
  <div class='ocr_page' id='page_1' title='image "./quaestionesvarr00reitgoog_0033.png"; bbox 0 0 2782 4614; ppageno 0'>
   <div class='ocr_carea' id='block_1_1' title="bbox 722 243 771 333">
    <p class='ocr_par' dir='ltr' id='par_1_1' title="bbox 722 243 771 333">
     <span class='ocr_line' id='line_1_1' title="bbox 722 243 771 333; baseline 0.061 -26"><span class='ocrx_word' id='word_1_1' title='bbox 722 243 771 333; x_wconf 81' lang='lat'>24</span> 
     </span>
    </p>
   </div>
   <div class='ocr_carea' id='block_1_2' title="bbox 200 430 1269 2925">
    <p class='ocr_par' dir='ltr' id='par_1_2' title="bbox 200 430 1269 2925">
     <span class='ocr_line' id='line_1_2' title="bbox 204 430 1269 521; baseline 0.002 -24"><span class='ocrx_word' id='word_1_2' title='bbox 204 434 335 516; x_wconf 85' lang='lat' dir='ltr'>tionem,</span> <span class='ocrx_word' id='word_1_3' title='bbox 369 430 441 521; x_wconf 75' lang='lat' dir='ltr'>siol)</span> <span class='ocrx_word' id='word_1_4' title='bbox 476 437 508 496; x_wconf 87' lang='lat' dir='ltr'>et</span> <span class='ocrx_word' id='word_1_5' title='bbox 541 432 580 495; x_wconf 93' lang='lat' dir='ltr'>ad</span> <span class='ocrx_word' id='word_1_6' title='bbox 603 431 783 495; x_wconf 74' lang='lat' dir='ltr'>Alexandri</span> <span class='ocrx_word' id='word_1_7' title='bbox 810 431 1026 496; x_wconf 86' lang='lat' dir='ltr'>membrorum</span> <span class='ocrx_word' id='word_1_8' title='bbox 1059 431 1269 500; x_wconf 81' lang='lat' dir='ltr'><strong>simulacrum</strong></span> 
     </span>
     <span class='ocr_line' id='line_1_3' title="bbox 205 539 1268 627; baseline 0.001 -22"><span class='ocrx_word' id='word_1_9' title='bbox 205 548 304 627; x_wconf 83' lang='lat' dir='ltr'>eaput</span> <span class='ocrx_word' id='word_1_10' title='bbox 339 543 424 625; x_wconf 90' lang='lat' dir='ltr'>quod</span> <span class='ocrx_word' id='word_1_11' title='bbox 459 541 659 626; x_wconf 80' lang='lat' dir='ltr'>respondeat,</span> <span class='ocrx_word' id='word_1_12' title='bbox 692 541 769 603; x_wconf 89' lang='lat' dir='ltr'>item</span> <span class='ocrx_word' id='word_1_13' title='bbox 803 540 854 603; x_wconf 91' lang='lat' dir='ltr'>sit&#39;</span> <span class='ocrx_word' id='word_1_14' title='bbox 887 560 968 623; x_wconf 86' lang='lat' dir='ltr'>quae</span> <span class='ocrx_word' id='word_1_15' title='bbox 991 539 1098 616; x_wconf 77' lang='lat' dir='ltr'>rerba,</span> <span class='ocrx_word' id='word_1_16' title='bbox 1133 540 1207 604; x_wconf 85' lang='lat' dir='ltr'>aO.</span> <span class='ocrx_word' id='word_1_17' title='bbox 1232 541 1268 607; x_wconf 88' lang='grc' dir='ltr'>Ο.</span> 
     </span>
     <span class='ocr_line' id='line_1_4' title="bbox 205 648 1268 734; baseline 0 -19"><span class='ocrx_word' id='word_1_18' title='bbox 205 650 363 723; x_wconf 86' lang='lat' dir='ltr'>Muellero</span> <span class='ocrx_word' id='word_1_19' title='bbox 380 652 554 716; x_wconf 86' lang='lat' dir='ltr'><strong>admodum</strong></span> <span class='ocrx_word' id='word_1_20' title='bbox 568 654 747 732; x_wconf 85' lang='lat' dir='ltr'>immutata,</span> <span class='ocrx_word' id='word_1_21' title='bbox 764 649 797 714; x_wconf 85' lang='lat' dir='ltr'>O.</span> <span class='ocrx_word' id='word_1_22' title='bbox 816 648 849 712; x_wconf 86' lang='lat' dir='ltr'>F.</span> <span class='ocrx_word' id='word_1_23' title='bbox 865 648 917 712; x_wconf 89' lang='lat' dir='ltr'>W.</span> <span class='ocrx_word' id='word_1_24' title='bbox 933 648 1109 714; x_wconf 82' lang='lat' dir='ltr'>Muellerus</span> <span class='ocrx_word' id='word_1_25' title='bbox 1127 652 1268 734; x_wconf 84' lang='lat' dir='ltr'>genuina</span> 
     </span>
     <span class='ocr_line' id='line_1_5' title="bbox 205 758 1268 842; baseline -0.002 -18"><span class='ocrx_word' id='word_1_26' title='bbox 205 765 309 842; x_wconf 45' lang='lat' dir='ltr'>atque,</span> <span class='ocrx_word' id='word_1_27' title='bbox 325 760 360 822; x_wconf 92' lang='lat' dir='ltr'>in</span> <span class='ocrx_word' id='word_1_28' title='bbox 382 760 470 822; x_wconf 91' lang='lat' dir='ltr'>huno</span> <span class='ocrx_word' id='word_1_29' title='bbox 494 759 626 823; x_wconf 91' lang='lat' dir='ltr'>modum</span> <span class='ocrx_word' id='word_1_30' title='bbox 649 759 867 824; x_wconf 78' lang='lat' dir='ltr'>construenda</span> <span class='ocrx_word' id='word_1_31' title='bbox 891 778 960 824; x_wconf 90' lang='lat' dir='ltr'>esse</span> <span class='ocrx_word' id='word_1_32' title='bbox 984 758 1173 823; x_wconf 79' lang='lat' dir='ltr'>arbitratur:</span> <span class='ocrx_word' id='word_1_33' title='bbox 1211 759 1268 823; x_wconf 80' lang='lat' dir='ltr'>‘sio</span> 
     </span>
     <span class='ocr_line' id='line_1_6' title="bbox 206 869 1267 954; baseline 0.002 -23"><span class='ocrx_word' id='word_1_34' title='bbox 206 870 337 941; x_wconf 82' lang='lat' dir='ltr'>etitem</span> <span class='ocrx_word' id='word_1_35' title='bbox 371 869 420 941; x_wconf 80' lang='lat' dir='ltr'>sit,</span> <span class='ocrx_word' id='word_1_36' title='bbox 455 870 482 932; x_wconf 91' lang='lat' dir='ltr'>si</span> <span class='ocrx_word' id='word_1_37' title='bbox 515 871 709 954; x_wconf 83' lang='lat' dir='ltr'>imposueris</span> <span class='ocrx_word' id='word_1_38' title='bbox 744 874 848 953; x_wconf 86' lang='lat' dir='ltr'>eaput,</span> <span class='ocrx_word' id='word_1_39' title='bbox 883 869 969 953; x_wconf 91' lang='lat' dir='ltr'>quod</span> <span class='ocrx_word' id='word_1_40' title='bbox 1002 869 1193 953; x_wconf 87' lang='lat' dir='ltr'>respondeat</span> <span class='ocrx_word' id='word_1_41' title='bbox 1227 870 1267 933; x_wconf 84' lang='lat' dir='ltr'>ad</span> 
     </span>
     <span class='ocr_line' id='line_1_7' title="bbox 205 977 1262 1062; baseline 0.003 -22"><span class='ocrx_word' id='word_1_42' title='bbox 205 979 417 1056; x_wconf 79' lang='lat' dir='ltr'>simulacrum</span> <span class='ocrx_word' id='word_1_43' title='bbox 451 977 716 1052; x_wconf 76' lang='lat' dir='ltr'>membrorum’.2)</span> <span class='ocrx_word' id='word_1_44' title='bbox 765 979 963 1043; x_wconf 84' lang='lat' dir='ltr'>Brevitatem</span> <span class='ocrx_word' id='word_1_45' title='bbox 997 997 1072 1042; x_wconf 85' lang='lat' dir='ltr'>vero</span> <span class='ocrx_word' id='word_1_46' title='bbox 1107 979 1262 1062; x_wconf 89' lang='lat' dir='ltr'>loquendi</span> 
     </span>
     <span class='ocr_line' id='line_1_8' title="bbox 206 1086 1269 1170; baseline 0 -19"><span class='ocrx_word' id='word_1_47' title='bbox 206 1107 272 1170; x_wconf 88' lang='lat' dir='ltr'>qua</span> <span class='ocrx_word' id='word_1_48' title='bbox 306 1093 416 1151; x_wconf 86' lang='lat' dir='ltr'>noster</span> <span class='ocrx_word' id='word_1_49' title='bbox 447 1107 464 1150; x_wconf 90' lang='lat' dir='ltr'>e</span> <span class='ocrx_word' id='word_1_50' title='bbox 494 1086 643 1152; x_wconf 91' lang='lat' dir='ltr'>Muelleri</span> <span class='ocrx_word' id='word_1_51' title='bbox 677 1089 834 1152; x_wconf 88' lang='lat' dir='ltr'>sententia</span> <span class='ocrx_word' id='word_1_52' title='bbox 868 1089 920 1151; x_wconf 90' lang='lat' dir='ltr'>hio</span> <span class='ocrx_word' id='word_1_53' title='bbox 955 1089 1065 1169; x_wconf 88' lang='lat' dir='ltr'>utitur,</span> <span class='ocrx_word' id='word_1_54' title='bbox 1099 1088 1186 1151; x_wconf 88' lang='lat' dir='ltr'>idem</span> <span class='ocrx_word' id='word_1_55' title='bbox 1217 1089 1269 1152; x_wconf 88' lang='lat' dir='ltr'>vir</span> 
     </span>
     <span class='ocr_line' id='line_1_9' title="bbox 206 1196 1265 1283; baseline 0.001 -23"><span class='ocrx_word' id='word_1_56' title='bbox 206 1197 318 1260; x_wconf 89' lang='lat' dir='ltr'>doetus</span> <span class='ocrx_word' id='word_1_57' title='bbox 334 1196 504 1260; x_wconf 88' lang='lat' dir='ltr'>defendere</span> <span class='ocrx_word' id='word_1_58' title='bbox 520 1197 626 1260; x_wconf 90' lang='lat' dir='ltr'>studet</span> <span class='ocrx_word' id='word_1_59' title='bbox 642 1198 737 1262; x_wconf 85' lang='lat' dir='ltr'>allato</span> <span class='ocrx_word' id='word_1_60' title='bbox 758 1199 904 1283; x_wconf 89' lang='lat' dir='ltr'>exemplo</span> <span class='ocrx_word' id='word_1_61' title='bbox 920 1198 981 1261; x_wconf 91' lang='lat' dir='ltr'>hoo</span> <span class='ocrx_word' id='word_1_62' title='bbox 995 1196 1039 1279; x_wconf 86' lang='lat' dir='ltr'>X,</span> <span class='ocrx_word' id='word_1_63' title='bbox 1058 1197 1076 1279; x_wconf 62' lang='grc' dir='ltr'><em>ξ</em></span> <span class='ocrx_word' id='word_1_64' title='bbox 1093 1198 1134 1260; x_wconf 81' lang='grc'>41</span> <span class='ocrx_word' id='word_1_65' title='bbox 1158 1218 1190 1281; x_wconf 92' lang='lat' dir='ltr'>p.</span> <span class='ocrx_word' id='word_1_66' title='bbox 1203 1196 1265 1261; x_wconf 78' lang='lat'>567</span> 
     </span>
     <span class='ocr_line' id='line_1_10' title="bbox 205 1305 1266 1390; baseline 0 -22"><span class='ocrx_word' id='word_1_67' title='bbox 205 1305 307 1370; x_wconf 78' lang='lat' dir='ltr'>‘Haeo</span> <span class='ocrx_word' id='word_1_68' title='bbox 330 1305 414 1369; x_wconf 90' lang='lat' dir='ltr'>fiunt</span> <span class='ocrx_word' id='word_1_69' title='bbox 437 1306 471 1368; x_wconf 91' lang='lat' dir='ltr'>in</span> <span class='ocrx_word' id='word_1_70' title='bbox 495 1305 707 1371; x_wconf 85' lang='lat' dir='ltr'>dissimilibus</span> <span class='ocrx_word' id='word_1_71' title='bbox 723 1307 829 1390; x_wconf 87' lang='lat' dir='ltr'>rebus,</span> <span class='ocrx_word' id='word_1_72' title='bbox 852 1312 890 1371; x_wconf 92' lang='lat' dir='ltr'>ut</span> <span class='ocrx_word' id='word_1_73' title='bbox 911 1309 947 1370; x_wconf 92' lang='lat' dir='ltr'>in</span> <span class='ocrx_word' id='word_1_74' title='bbox 970 1309 1116 1370; x_wconf 89' lang='lat' dir='ltr'>numeris</span> <span class='ocrx_word' id='word_1_75' title='bbox 1140 1308 1168 1370; x_wconf 88' lang='lat' dir='ltr'>si</span> <span class='ocrx_word' id='word_1_76' title='bbox 1191 1325 1266 1369; x_wconf 90' lang='lat' dir='ltr'>oon-</span> 
     </span>
     <span class='ocr_line' id='line_1_11' title="bbox 204 1415 1267 1502; baseline -0.002 -23"><span class='ocrx_word' id='word_1_77' title='bbox 204 1416 318 1479; x_wconf 88' lang='lat' dir='ltr'>tuleris</span> <span class='ocrx_word' id='word_1_78' title='bbox 342 1436 417 1478; x_wconf 87' lang='lat' dir='ltr'>oum</span> <span class='ocrx_word' id='word_1_79' title='bbox 441 1435 507 1478; x_wconf 94' lang='lat' dir='ltr'>uno</span> <span class='ocrx_word' id='word_1_80' title='bbox 532 1416 606 1497; x_wconf 92' lang='lat' dir='ltr'>duo,</span> <span class='ocrx_word' id='word_1_81' title='bbox 629 1418 675 1480; x_wconf 90' lang='lat' dir='ltr'>sio</span> <span class='ocrx_word' id='word_1_82' title='bbox 699 1436 775 1480; x_wconf 87' lang='lat' dir='ltr'>oum</span> <span class='ocrx_word' id='word_1_83' title='bbox 798 1416 907 1480; x_wconf 85' lang='lat' dir='ltr'>decem</span> <span class='ocrx_word' id='word_1_84' title='bbox 932 1416 1066 1500; x_wconf 83' lang='lat' dir='ltr'>viginti’</span> <span class='ocrx_word' id='word_1_85' title='bbox 1109 1415 1155 1502; x_wconf 70' lang='lat'>(³1.</span> <span class='ocrx_word' id='word_1_86' title='bbox 1178 1434 1203 1479; x_wconf 89' lang='lat' dir='ltr'>e.</span> <span class='ocrx_word' id='word_1_87' title='bbox 1230 1420 1267 1477; x_wconf 92' lang='lat' dir='ltr'>ut</span> 
     </span>
     <span class='ocr_line' id='line_1_12' title="bbox 203 1524 1267 1608; baseline 0.002 -21"><span class='ocrx_word' id='word_1_88' title='bbox 203 1524 241 1587; x_wconf 90' lang='lat' dir='ltr'>fit</span> <span class='ocrx_word' id='word_1_89' title='bbox 274 1526 302 1588; x_wconf 94' lang='lat' dir='ltr'>si</span> <span class='ocrx_word' id='word_1_90' title='bbox 335 1525 509 1589; x_wconf 84' lang='lat' dir='ltr'>contuleris</span> <span class='ocrx_word' id='word_1_91' title='bbox 533 1563 585 1607; x_wconf 85' lang='lat'>—,</span> <span class='ocrx_word' id='word_1_92' title='bbox 620 1527 666 1589; x_wconf 86' lang='lat' dir='ltr'>sic</span> <span class='ocrx_word' id='word_1_93' title='bbox 698 1526 736 1590; x_wconf 91' lang='lat' dir='ltr'>fit</span> <span class='ocrx_word' id='word_1_94' title='bbox 770 1527 797 1589; x_wconf 93' lang='lat' dir='ltr'>si</span> <span class='ocrx_word' id='word_1_95' title='bbox 833 1525 1039 1608; x_wconf 83' lang='lat' dir='ltr'>contuleris&#39;).</span> <span class='ocrx_word' id='word_1_96' title='bbox 1093 1527 1138 1589; x_wconf 90' lang='lat' dir='ltr'>At</span> <span class='ocrx_word' id='word_1_97' title='bbox 1171 1525 1267 1608; x_wconf 86' lang='lat' dir='ltr'>longe</span> 
     </span>
     <span class='ocr_line' id='line_1_13' title="bbox 204 1633 1267 1721; baseline 0.002 -25"><span class='ocrx_word' id='word_1_98' title='bbox 204 1634 294 1709; x_wconf 85' lang='lat' dir='ltr'>aliud</span> <span class='ocrx_word' id='word_1_99' title='bbox 327 1633 387 1697; x_wconf 91' lang='lat' dir='ltr'>hoo</span> <span class='ocrx_word' id='word_1_100' title='bbox 422 1653 493 1697; x_wconf 91' lang='lat' dir='ltr'>esse</span> <span class='ocrx_word' id='word_1_101' title='bbox 527 1636 712 1721; x_wconf 88' lang='lat' dir='ltr'>exemplum</span> <span class='ocrx_word' id='word_1_102' title='bbox 747 1654 853 1719; x_wconf 87' lang='lat' dir='ltr'>neque</span> <span class='ocrx_word' id='word_1_103' title='bbox 882 1636 949 1699; x_wconf 86' lang='lat' dir='ltr'>ulla</span> <span class='ocrx_word' id='word_1_104' title='bbox 974 1636 1139 1699; x_wconf 87' lang='lat' dir='ltr'>brevitatis</span> <span class='ocrx_word' id='word_1_105' title='bbox 1163 1637 1267 1718; x_wconf 89' lang='lat' dir='ltr'>speeie</span> 
     </span>
     <span class='ocr_line' id='line_1_14' title="bbox 203 1744 1269 1829; baseline 0.001 -24"><span class='ocrx_word' id='word_1_106' title='bbox 203 1745 341 1826; x_wconf 85' lang='lat' dir='ltr'>insigne,</span> <span class='ocrx_word' id='word_1_107' title='bbox 374 1745 447 1826; x_wconf 87' lang='lat' dir='ltr'>quis</span> <span class='ocrx_word' id='word_1_108' title='bbox 482 1762 548 1805; x_wconf 92' lang='lat' dir='ltr'>non</span> <span class='ocrx_word' id='word_1_109' title='bbox 580 1744 690 1807; x_wconf 77' lang='lat' dir='ltr'>videt?</span> <span class='ocrx_word' id='word_1_110' title='bbox 726 1744 800 1808; x_wconf 71' lang='lat' dir='ltr'>‘Sic&#39;</span> <span class='ocrx_word' id='word_1_111' title='bbox 835 1747 921 1809; x_wconf 89' lang='lat' dir='ltr'>enim</span> <span class='ocrx_word' id='word_1_112' title='bbox 954 1745 1112 1829; x_wconf 74' lang='lat' dir='ltr'>perticula</span> <span class='ocrx_word' id='word_1_113' title='bbox 1135 1763 1209 1806; x_wconf 87' lang='lat' dir='ltr'>omn</span> <span class='ocrx_word' id='word_1_114' title='bbox 1232 1749 1269 1807; x_wconf 90' lang='lat' dir='ltr'>ut</span> 
     </span>
     <span class='ocr_line' id='line_1_15' title="bbox 205 1853 1267 1940; baseline 0.001 -24"><span class='ocrx_word' id='word_1_115' title='bbox 205 1871 309 1936; x_wconf 83' lang='lat' dir='ltr'>saepe,</span> <span class='ocrx_word' id='word_1_116' title='bbox 331 1853 376 1915; x_wconf 87' lang='lat' dir='ltr'>ita</span> <span class='ocrx_word' id='word_1_117' title='bbox 399 1853 450 1915; x_wconf 88' lang='lat' dir='ltr'>hio</span> <span class='ocrx_word' id='word_1_118' title='bbox 466 1871 596 1940; x_wconf 87' lang='lat' dir='ltr'>quoque</span> <span class='ocrx_word' id='word_1_119' title='bbox 612 1853 697 1918; x_wconf 87' lang='lat' dir='ltr'>idem</span> <span class='ocrx_word' id='word_1_120' title='bbox 713 1855 818 1918; x_wconf 85' lang='lat' dir='ltr'>valeat</span> <span class='ocrx_word' id='word_1_121' title='bbox 837 1855 925 1936; x_wconf 89' lang='lat' dir='ltr'>quod</span> <span class='ocrx_word' id='word_1_122' title='bbox 941 1854 1003 1935; x_wconf 71' lang='lat' dir='ltr'>‘et’,</span> <span class='ocrx_word' id='word_1_123' title='bbox 1026 1874 1108 1936; x_wconf 92' lang='lat' dir='ltr'>quae</span> <span class='ocrx_word' id='word_1_124' title='bbox 1127 1854 1267 1917; x_wconf 85' lang='lat' dir='ltr'>brevitas</span> 
     </span>
     <span class='ocr_line' id='line_1_16' title="bbox 203 1962 1266 2046; baseline 0.001 -21"><span class='ocrx_word' id='word_1_125' title='bbox 203 1967 336 2046; x_wconf 87' lang='lat' dir='ltr'>apparet</span> <span class='ocrx_word' id='word_1_126' title='bbox 368 1964 401 2024; x_wconf 93' lang='lat' dir='ltr'>in</span> <span class='ocrx_word' id='word_1_127' title='bbox 438 1962 498 2024; x_wconf 87' lang='lat' dir='ltr'>hae</span> <span class='ocrx_word' id='word_1_128' title='bbox 527 1964 698 2026; x_wconf 84' lang='lat' dir='ltr'>sententia:</span> <span class='ocrx_word' id='word_1_129' title='bbox 736 1964 835 2028; x_wconf 74' lang='lat' dir='ltr'>‘Haeo</span> <span class='ocrx_word' id='word_1_130' title='bbox 867 1964 952 2027; x_wconf 90' lang='lat' dir='ltr'>fiunt</span> <span class='ocrx_word' id='word_1_131' title='bbox 983 1965 1018 2025; x_wconf 92' lang='lat' dir='ltr'>in</span> <span class='ocrx_word' id='word_1_132' title='bbox 1054 1962 1266 2027; x_wconf 88' lang='lat' dir='ltr'>dissimilibus</span> 
     </span>
     <span class='ocr_line' id='line_1_17' title="bbox 203 2069 1266 2154; baseline 0.002 -20"><span class='ocrx_word' id='word_1_133' title='bbox 203 2069 310 2152; x_wconf 74' lang='lat' dir='ltr'>rebus</span> <span class='ocrx_word' id='word_1_134' title='bbox 335 2073 428 2136; x_wconf 90' lang='lat' dir='ltr'>utin</span> <span class='ocrx_word' id='word_1_135' title='bbox 454 2073 606 2154; x_wconf 74' lang='lat' dir='ltr'>numeris</span> <span class='ocrx_word' id='word_1_136' title='bbox 630 2074 657 2136; x_wconf 93' lang='lat' dir='ltr'>si</span> <span class='ocrx_word' id='word_1_137' title='bbox 681 2075 856 2138; x_wconf 83' lang='lat' dir='ltr'>contuleris</span> <span class='ocrx_word' id='word_1_138' title='bbox 872 2093 948 2136; x_wconf 91' lang='lat' dir='ltr'>oum</span> <span class='ocrx_word' id='word_1_139' title='bbox 971 2092 1038 2135; x_wconf 93' lang='lat' dir='ltr'>uno</span> <span class='ocrx_word' id='word_1_140' title='bbox 1063 2073 1127 2136; x_wconf 90' lang='lat' dir='ltr'>duo</span> <span class='ocrx_word' id='word_1_141' title='bbox 1144 2078 1175 2136; x_wconf 88' lang='lat' dir='ltr'>et</span> <span class='ocrx_word' id='word_1_142' title='bbox 1191 2092 1266 2136; x_wconf 91' lang='lat' dir='ltr'>oum</span> 
     </span>
     <span class='ocr_line' id='line_1_18' title="bbox 202 2177 1267 2266; baseline 0 -22"><span class='ocrx_word' id='word_1_143' title='bbox 202 2181 315 2244; x_wconf 85' lang='lat' dir='ltr'>decem</span> <span class='ocrx_word' id='word_1_144' title='bbox 337 2177 518 2266; x_wconf 81' lang='lat' dir='ltr'>viginti&#39;?3)</span> <span class='ocrx_word' id='word_1_145' title='bbox 563 2181 677 2264; x_wconf 88' lang='lat' dir='ltr'>Itaque</span> <span class='ocrx_word' id='word_1_146' title='bbox 701 2184 741 2246; x_wconf 89' lang='lat' dir='ltr'>ad</span> <span class='ocrx_word' id='word_1_147' title='bbox 764 2183 853 2248; x_wconf 92' lang='lat' dir='ltr'>illam</span> <span class='ocrx_word' id='word_1_148' title='bbox 869 2182 1057 2246; x_wconf 85' lang='lat' dir='ltr'>brevitatem.</span> <span class='ocrx_word' id='word_1_149' title='bbox 1074 2181 1267 2245; x_wconf 86' lang='lat' dir='ltr'>confirman-</span> 
     </span>
     <span class='ocr_line' id='line_1_19' title="bbox 202 2268 1264 2376; baseline -0.005 -17"><span class='ocrx_word' id='word_1_150' title='bbox 202 2289 278 2359; x_wconf 87' lang='lat' dir='ltr'>dam</span> <span class='ocrx_word' id='word_1_151' title='bbox 293 2291 382 2354; x_wconf 87' lang='lat' dir='ltr'>huno</span> <span class='ocrx_word' id='word_1_152' title='bbox 404 2268 512 2355; x_wconf 85' lang='lat' dir='ltr'>looum</span> <span class='ocrx_word' id='word_1_153' title='bbox 535 2291 616 2355; x_wconf 92' lang='lat' dir='ltr'>nihil</span> <span class='ocrx_word' id='word_1_154' title='bbox 639 2292 747 2357; x_wconf 84' lang='lat' dir='ltr'>valere</span> <span class='ocrx_word' id='word_1_155' title='bbox 769 2298 870 2376; x_wconf 79' lang='lat' dir='ltr'>patet3</span> <span class='ocrx_word' id='word_1_156' title='bbox 897 2310 995 2374; x_wconf 90' lang='lat' dir='ltr'>quare</span> <span class='ocrx_word' id='word_1_157' title='bbox 1020 2310 1080 2375; x_wconf 83' lang='lat' dir='ltr'>ego</span> <span class='ocrx_word' id='word_1_158' title='bbox 1105 2291 1144 2353; x_wconf 87' lang='lat' dir='ltr'>de</span> <span class='ocrx_word' id='word_1_159' title='bbox 1166 2310 1264 2354; x_wconf 88' lang='lat' dir='ltr'>sensu</span> 
     </span>
     <span class='ocr_line' id='line_1_20' title="bbox 200 2396 1264 2483; baseline 0 -21"><span class='ocrx_word' id='word_1_160' title='bbox 200 2398 334 2481; x_wconf 80' lang='lat' dir='ltr'>quidem</span> <span class='ocrx_word' id='word_1_161' title='bbox 363 2399 535 2464; x_wconf 86' lang='lat' dir='ltr'>verborum</span> <span class='ocrx_word' id='word_1_162' title='bbox 562 2399 756 2483; x_wconf 84' lang='lat' dir='ltr'>Muellerum</span> <span class='ocrx_word' id='word_1_163' title='bbox 784 2407 868 2466; x_wconf 86' lang='lat' dir='ltr'>recte</span> <span class='ocrx_word' id='word_1_164' title='bbox 897 2402 1034 2465; x_wconf 87' lang='lat' dir='ltr'>sensisse</span> <span class='ocrx_word' id='word_1_165' title='bbox 1066 2396 1197 2477; x_wconf 83' lang='lat' dir='ltr'>oredo,4)</span> <span class='ocrx_word' id='word_1_166' title='bbox 1225 2400 1264 2463; x_wconf 92' lang='lat' dir='ltr'>de</span> 
     </span>
     <span class='ocr_line' id='line_1_21' title="bbox 201 2509 1265 2592; baseline 0.004 -22"><span class='ocrx_word' id='word_1_167' title='bbox 201 2511 441 2574; x_wconf 81' lang='lat' dir='ltr'>construetione</span> <span class='ocrx_word' id='word_1_168' title='bbox 465 2512 493 2574; x_wconf 89' lang='lat' dir='ltr'>ei</span> <span class='ocrx_word' id='word_1_169' title='bbox 517 2530 580 2573; x_wconf 93' lang='lat' dir='ltr'>non</span> <span class='ocrx_word' id='word_1_170' title='bbox 605 2511 769 2590; x_wconf 88' lang='lat' dir='ltr'>assentior,</span> <span class='ocrx_word' id='word_1_171' title='bbox 802 2516 841 2591; x_wconf 89' lang='lat' dir='ltr'>et,</span> <span class='ocrx_word' id='word_1_172' title='bbox 870 2511 897 2573; x_wconf 90' lang='lat' dir='ltr'>si</span> <span class='ocrx_word' id='word_1_173' title='bbox 919 2528 1098 2592; x_wconf 88' lang='lat' dir='ltr'>proponere</span> <span class='ocrx_word' id='word_1_174' title='bbox 1121 2512 1195 2574; x_wconf 91' lang='lat' dir='ltr'>lioet</span> <span class='ocrx_word' id='word_1_175' title='bbox 1218 2509 1265 2574; x_wconf 69' lang='lat' dir='ltr'>‘si&#39;</span> 
     </span>
     <span class='ocr_line' id='line_1_22' title="bbox 202 2619 1264 2704; baseline 0 -23"><span class='ocrx_word' id='word_1_176' title='bbox 202 2619 310 2701; x_wconf 92' lang='lat' dir='ltr'>potius</span> <span class='ocrx_word' id='word_1_177' title='bbox 340 2622 528 2704; x_wconf 82' lang='lat' dir='ltr'>particulam</span> <span class='ocrx_word' id='word_1_178' title='bbox 557 2620 724 2683; x_wconf 84' lang='lat' dir='ltr'>contextui</span> <span class='ocrx_word' id='word_1_179' title='bbox 754 2620 958 2684; x_wconf 88' lang='lat' dir='ltr'>inserendam</span> <span class='ocrx_word' id='word_1_180' title='bbox 993 2638 1062 2682; x_wconf 89' lang='lat' dir='ltr'>esse</span> <span class='ocrx_word' id='word_1_181' title='bbox 1092 2625 1171 2702; x_wconf 92' lang='lat' dir='ltr'>puto</span> <span class='ocrx_word' id='word_1_182' title='bbox 1205 2621 1264 2683; x_wconf 88' lang='lat' dir='ltr'>sio:</span> 
     </span>
     <span class='ocr_line' id='line_1_23' title="bbox 203 2727 1268 2813; baseline 0.001 -22"><span class='ocrx_word' id='word_1_183' title='bbox 203 2727 262 2793; x_wconf 76' lang='lat' dir='ltr'>‘sio</span> <span class='ocrx_word' id='word_1_184' title='bbox 285 2734 326 2807; x_wconf 88' lang='lat' dir='ltr'>et,</span> <span class='ocrx_word' id='word_1_185' title='bbox 360 2731 387 2793; x_wconf 91' lang='lat' dir='ltr'>si</span> <span class='ocrx_word' id='word_1_186' title='bbox 418 2730 457 2793; x_wconf 93' lang='lat' dir='ltr'>ad</span> <span class='ocrx_word' id='word_1_187' title='bbox 484 2729 662 2793; x_wconf 84' lang='lat' dir='ltr'>Alexandri</span> <span class='ocrx_word' id='word_1_188' title='bbox 686 2728 904 2793; x_wconf 89' lang='lat' dir='ltr'>membrorum</span> <span class='ocrx_word' id='word_1_189' title='bbox 928 2729 1139 2793; x_wconf 78' lang='lat' dir='ltr'>simulacrum</span> <span class='ocrx_word' id='word_1_190' title='bbox 1172 2734 1268 2813; x_wconf 87' lang='lat' dir='ltr'>eaput</span> 
     </span>
     <span class='ocr_line' id='line_1_24' title="bbox 204 2838 1014 2925; baseline 0.001 -24"><span class='ocrx_word' id='word_1_191' title='bbox 204 2838 293 2920; x_wconf 91' lang='lat' dir='ltr'>quod</span> <span class='ocrx_word' id='word_1_192' title='bbox 316 2839 506 2922; x_wconf 87' lang='lat' dir='ltr'>respondeat</span> <span class='ocrx_word' id='word_1_193' title='bbox 529 2838 587 2921; x_wconf 77' lang='lat' dir='ltr'>(so.</span> <span class='ocrx_word' id='word_1_194' title='bbox 611 2839 829 2925; x_wconf 88' lang='lat' dir='ltr'>imposueris),</span> <span class='ocrx_word' id='word_1_195' title='bbox 852 2839 928 2902; x_wconf 87' lang='lat' dir='ltr'>item</span> <span class='ocrx_word' id='word_1_196' title='bbox 953 2838 1014 2902; x_wconf 90' lang='lat' dir='ltr'>sit&#39;.</span> 
     </span>
    </p>
   </div>
   <div class='ocr_carea' id='block_1_3' title="bbox 199 3052 1268 4129">
    <p class='ocr_par' dir='ltr' id='par_1_3' title="bbox 309 3052 455 3121">
     <span class='ocr_line' id='line_1_25' title="bbox 309 3052 455 3121; baseline 0.007 -14"><span class='ocrx_word' id='word_1_197' title='bbox 309 3053 337 3121; x_wconf 86' lang='lat'>1)</span> <span class='ocrx_word' id='word_1_198' title='bbox 354 3052 406 3106; x_wconf 63' lang='lat' dir='ltr'>*sit’</span> <span class='ocrx_word' id='word_1_199' title='bbox 426 3053 455 3108; x_wconf 83' lang='lat' dir='ltr'>F.</span> 
     </span>
    </p>

    <p class='ocr_par' dir='ltr' id='par_1_4' title="bbox 307 3143 539 3211">
     <span class='ocr_line' id='line_1_26' title="bbox 307 3143 539 3211; baseline 0 -13"><span class='ocrx_word' id='word_1_200' title='bbox 307 3145 336 3210; x_wconf 80' lang='lat'>2)</span> <span class='ocrx_word' id='word_1_201' title='bbox 354 3143 372 3198; x_wconf 92' lang='lat' dir='ltr'>l.</span> <span class='ocrx_word' id='word_1_202' title='bbox 392 3160 415 3200; x_wconf 91' lang='lat' dir='ltr'>o.</span> <span class='ocrx_word' id='word_1_203' title='bbox 433 3161 458 3211; x_wconf 81' lang='lat' dir='ltr'>p.</span> <span class='ocrx_word' id='word_1_204' title='bbox 478 3143 539 3199; x_wconf 79' lang='lat'>424.</span> 
     </span>
    </p>

    <p class='ocr_par' dir='ltr' id='par_1_5' title="bbox 199 3228 1267 3945">
     <span class='ocr_line' id='line_1_27' title="bbox 309 3228 1267 3305; baseline -0.003 -15"><span class='ocrx_word' id='word_1_205' title='bbox 309 3235 337 3305; x_wconf 85' lang='lat'>3)</span> <span class='ocrx_word' id='word_1_206' title='bbox 356 3235 441 3289; x_wconf 85' lang='lat' dir='ltr'>Varro</span> <span class='ocrx_word' id='word_1_207' title='bbox 461 3235 540 3303; x_wconf 90' lang='lat' dir='ltr'>enim,</span> <span class='ocrx_word' id='word_1_208' title='bbox 558 3236 587 3288; x_wconf 92' lang='lat' dir='ltr'>id</span> <span class='ocrx_word' id='word_1_209' title='bbox 606 3235 677 3304; x_wconf 89' lang='lat' dir='ltr'>quod</span> <span class='ocrx_word' id='word_1_210' title='bbox 695 3235 778 3289; x_wconf 86' lang='lat' dir='ltr'>verba</span> <span class='ocrx_word' id='word_1_211' title='bbox 797 3236 892 3289; x_wconf 88' lang='lat' dir='ltr'>dooent</span> <span class='ocrx_word' id='word_1_212' title='bbox 916 3251 984 3303; x_wconf 85' lang='lat' dir='ltr'>quae</span> <span class='ocrx_word' id='word_1_213' title='bbox 1009 3237 1074 3288; x_wconf 89' lang='lat' dir='ltr'>sunt</span> <span class='ocrx_word' id='word_1_214' title='bbox 1091 3228 1175 3286; x_wconf 83' lang='lat' dir='ltr'>‘Haeo</span> <span class='ocrx_word' id='word_1_215' title='bbox 1198 3233 1267 3287; x_wconf 88' lang='lat' dir='ltr'>fiunt</span> 
     </span>
     <span class='ocr_line' id='line_1_28' title="bbox 202 3323 1265 3397; baseline -0.005 -16"><span class='ocrx_word' id='word_1_216' title='bbox 202 3330 232 3381; x_wconf 92' lang='lat' dir='ltr'>in</span> <span class='ocrx_word' id='word_1_217' title='bbox 244 3326 423 3381; x_wconf 87' lang='lat' dir='ltr'>dissimilibus</span> <span class='ocrx_word' id='word_1_218' title='bbox 435 3326 532 3391; x_wconf 72' lang='lat' dir='ltr'>rebus,</span> <span class='ocrx_word' id='word_1_219' title='bbox 551 3327 631 3397; x_wconf 84' lang='lat' dir='ltr'>(quae</span> <span class='ocrx_word' id='word_1_220' title='bbox 650 3325 782 3394; x_wconf 90' lang='lat' dir='ltr'>quomodo</span> <span class='ocrx_word' id='word_1_221' title='bbox 801 3325 871 3383; x_wconf 72' lang='grc'><strong>(1.1.</strong></span> <span class='ocrx_word' id='word_1_222' title='bbox 889 3325 1036 3380; x_wconf 85' lang='lat' dir='ltr'>Muellerus</span> <span class='ocrx_word' id='word_1_223' title='bbox 1053 3323 1196 3393; x_wconf 84' lang='lat' dir='ltr'>intelligat,</span> <span class='ocrx_word' id='word_1_224' title='bbox 1216 3339 1265 3393; x_wconf 85' lang='lat' dir='ltr'>ego</span> 
     </span>
     <span class='ocr_line' id='line_1_29' title="bbox 203 3415 1265 3488; baseline -0.005 -16"><span class='ocrx_word' id='word_1_225' title='bbox 203 3435 258 3473; x_wconf 95' lang='lat' dir='ltr'>non</span> <span class='ocrx_word' id='word_1_226' title='bbox 276 3419 418 3487; x_wconf 84' lang='lat' dir='ltr'>perspicio;</span> <span class='ocrx_word' id='word_1_227' title='bbox 447 3435 533 3488; x_wconf 89' lang='lat' dir='ltr'>neque</span> <span class='ocrx_word' id='word_1_228' title='bbox 551 3418 637 3487; x_wconf 82' lang='lat' dir='ltr'>magis</span> <span class='ocrx_word' id='word_1_229' title='bbox 655 3416 784 3485; x_wconf 84' lang='lat' dir='ltr'>intelligo,</span> <span class='ocrx_word' id='word_1_230' title='bbox 808 3419 939 3485; x_wconf 84' lang='lat' dir='ltr'>quomodo</span> <span class='ocrx_word' id='word_1_231' title='bbox 962 3419 1029 3472; x_wconf 84' lang='lat' dir='ltr'>heeo</span> <span class='ocrx_word' id='word_1_232' title='bbox 1048 3417 1131 3470; x_wconf 83' lang='lat' dir='ltr'>rerba</span> <span class='ocrx_word' id='word_1_233' title='bbox 1149 3432 1212 3470; x_wconf 88' lang='lat' dir='ltr'>oum</span> <span class='ocrx_word' id='word_1_234' title='bbox 1230 3415 1265 3479; x_wconf 87' lang='lat' dir='ltr'>iis</span> 
     </span>
     <span class='ocr_line' id='line_1_30' title="bbox 201 3505 1264 3579; baseline -0.005 -15"><span class='ocrx_word' id='word_1_235' title='bbox 201 3527 274 3579; x_wconf 88' lang='lat' dir='ltr'>quae</span> <span class='ocrx_word' id='word_1_236' title='bbox 293 3512 442 3579; x_wconf 90' lang='lat' dir='ltr'>sequuntur</span> <span class='ocrx_word' id='word_1_237' title='bbox 459 3505 499 3563; x_wconf 86' lang='lat' dir='ltr'>‘ut</span> <span class='ocrx_word' id='word_1_238' title='bbox 517 3510 545 3562; x_wconf 94' lang='lat' dir='ltr'>in</span> <span class='ocrx_word' id='word_1_239' title='bbox 563 3509 684 3565; x_wconf 88' lang='lat' dir='ltr'>numeris</span> <span class='ocrx_word' id='word_1_240' title='bbox 703 3509 747 3562; x_wconf 89' lang='lat' dir='ltr'>si.</span> <span class='ocrx_word' id='word_1_241' title='bbox 767 3550 773 3565; x_wconf 91' lang='lat'><strong>.</strong></span> <span class='ocrx_word' id='word_1_242' title='bbox 794 3551 799 3562; x_wconf 94' lang='lat'>.</span> <span class='ocrx_word' id='word_1_243' title='bbox 820 3508 834 3565; x_wconf 85' lang='grc'>.’</span> <span class='ocrx_word' id='word_1_244' title='bbox 855 3511 983 3576; x_wconf 83' lang='lat' dir='ltr'>conectat,</span> <span class='ocrx_word' id='word_1_245' title='bbox 1000 3525 1050 3562; x_wconf 91' lang='lat' dir='ltr'>neo</span> <span class='ocrx_word' id='word_1_246' title='bbox 1069 3509 1135 3576; x_wconf 89' lang='lat' dir='ltr'>quid</span> <span class='ocrx_word' id='word_1_247' title='bbox 1153 3508 1264 3560; x_wconf 82' lang='lat' dir='ltr'>valeant</span> 
     </span>
     <span class='ocr_line' id='line_1_31' title="bbox 199 3595 1262 3670; baseline -0.008 -11"><span class='ocrx_word' id='word_1_248' title='bbox 199 3602 252 3659; x_wconf 79' lang='lat' dir='ltr'>illa</span> <span class='ocrx_word' id='word_1_249' title='bbox 270 3618 338 3670; x_wconf 88' lang='lat' dir='ltr'>quae</span> <span class='ocrx_word' id='word_1_250' title='bbox 357 3602 512 3670; x_wconf 83' lang='lat' dir='ltr'>explicandi</span> <span class='ocrx_word' id='word_1_251' title='bbox 530 3616 611 3655; x_wconf 84' lang='lat' dir='ltr'>causa</span> <span class='ocrx_word' id='word_1_252' title='bbox 628 3602 730 3670; x_wconf 79' lang='lat' dir='ltr'>profert</span> <span class='ocrx_word' id='word_1_253' title='bbox 754 3595 795 3654; x_wconf 87' lang='lat' dir='ltr'>‘ut</span> <span class='ocrx_word' id='word_1_254' title='bbox 811 3601 842 3653; x_wconf 89' lang='lat' dir='ltr'>iit</span> <span class='ocrx_word' id='word_1_255' title='bbox 860 3600 894 3670; x_wconf 72' lang='lat' dir='ltr'>(t)</span> <span class='ocrx_word' id='word_1_256' title='bbox 914 3601 937 3654; x_wconf 90' lang='lat' dir='ltr'>si</span> <span class='ocrx_word' id='word_1_257' title='bbox 955 3600 1144 3663; x_wconf 82' lang='lat' dir='ltr'>contuleris—,</span> <span class='ocrx_word' id='word_1_258' title='bbox 1172 3599 1212 3653; x_wconf 87' lang='lat' dir='ltr'>sio</span> <span class='ocrx_word' id='word_1_259' title='bbox 1230 3599 1262 3651; x_wconf 90' lang='lat' dir='ltr'>fit</span> 
     </span>
     <span class='ocr_line' id='line_1_32' title="bbox 201 3691 1262 3763; baseline -0.006 -15"><span class='ocrx_word' id='word_1_260' title='bbox 201 3695 228 3749; x_wconf 89' lang='lat' dir='ltr'>si</span> <span class='ocrx_word' id='word_1_261' title='bbox 247 3693 413 3763; x_wconf 68' lang='lat' dir='ltr'>contineris)</span> <span class='ocrx_word' id='word_1_262' title='bbox 431 3711 503 3755; x_wconf 87' lang='lat' dir='ltr'>nuno</span> <span class='ocrx_word' id='word_1_263' title='bbox 523 3693 655 3762; x_wconf 87' lang='lat' dir='ltr'>exemplis</span> <span class='ocrx_word' id='word_1_264' title='bbox 674 3693 904 3746; x_wconf 83' lang='lat' dir='ltr'>demonstraturus</span> <span class='ocrx_word' id='word_1_265' title='bbox 927 3693 968 3745; x_wconf 89' lang='lat' dir='ltr'>est</span> <span class='ocrx_word' id='word_1_266' title='bbox 985 3691 1052 3759; x_wconf 90' lang='lat' dir='ltr'>quid</span> <span class='ocrx_word' id='word_1_267' title='bbox 1070 3692 1107 3745; x_wconf 89' lang='lat' dir='ltr'>sit</span> <span class='ocrx_word' id='word_1_268' title='bbox 1125 3691 1262 3758; x_wconf 82' lang='lat' dir='ltr'>analogon,</span> 
     </span>
     <span class='ocr_line' id='line_1_33' title="bbox 205 3777 1264 3855; baseline -0.004 -17"><span class='ocrx_word' id='word_1_269' title='bbox 205 3786 231 3854; x_wconf 86' lang='lat'>(1</span> <span class='ocrx_word' id='word_1_270' title='bbox 243 3803 250 3841; x_wconf 91' lang='lat'>:</span> <span class='ocrx_word' id='word_1_271' title='bbox 261 3787 292 3852; x_wconf 82' lang='lat'>23</span> <span class='ocrx_word' id='word_1_272' title='bbox 311 3786 361 3840; x_wconf 90' lang='lat'>10:</span> <span class='ocrx_word' id='word_1_273' title='bbox 372 3787 417 3855; x_wconf 81' lang='lat'>20)</span> <span class='ocrx_word' id='word_1_274' title='bbox 439 3787 507 3854; x_wconf 21' lang='lat' dir='ltr'>,quid</span> <span class='ocrx_word' id='word_1_275' title='bbox 525 3785 650 3855; x_wconf 84' lang='lat' dir='ltr'>analogia</span> <span class='ocrx_word' id='word_1_276' title='bbox 667 3784 695 3855; x_wconf 86' lang='lat'>(1</span> <span class='ocrx_word' id='word_1_277' title='bbox 707 3802 712 3838; x_wconf 94' lang='lat'>:</span> <span class='ocrx_word' id='word_1_278' title='bbox 725 3784 741 3837; x_wconf 81' lang='lat'>2</span> <span class='ocrx_word' id='word_1_279' title='bbox 756 3804 785 3831; x_wconf 92' lang='lat'><strong><em>=</em></strong></span> <span class='ocrx_word' id='word_1_280' title='bbox 803 3783 854 3840; x_wconf 87' lang='lat'>10:</span> <span class='ocrx_word' id='word_1_281' title='bbox 866 3782 912 3851; x_wconf 82' lang='lat'>20)</span> <span class='ocrx_word' id='word_1_282' title='bbox 940 3799 971 3837; x_wconf 84' lang='lat' dir='ltr'>ao</span> <span class='ocrx_word' id='word_1_283' title='bbox 990 3785 1107 3852; x_wconf 86' lang='lat' dir='ltr'>primum</span> <span class='ocrx_word' id='word_1_284' title='bbox 1126 3777 1169 3844; x_wconf 86' lang='lat' dir='ltr'>‘in</span> <span class='ocrx_word' id='word_1_285' title='bbox 1182 3781 1264 3835; x_wconf 88' lang='lat' dir='ltr'>dissi·</span> 
     </span>
     <span class='ocr_line' id='line_1_34' title="bbox 203 3869 1043 3945; baseline 0.001 -17"><span class='ocrx_word' id='word_1_286' title='bbox 203 3875 315 3930; x_wconf 88' lang='lat' dir='ltr'>milibus</span> <span class='ocrx_word' id='word_1_287' title='bbox 332 3878 420 3944; x_wconf 87' lang='lat' dir='ltr'>rebus,</span> <span class='ocrx_word' id='word_1_288' title='bbox 438 3881 469 3931; x_wconf 89' lang='lat' dir='ltr'>ut</span> <span class='ocrx_word' id='word_1_289' title='bbox 487 3880 516 3932; x_wconf 89' lang='lat' dir='ltr'>in</span> <span class='ocrx_word' id='word_1_290' title='bbox 534 3869 661 3932; x_wconf 80' lang='lat' dir='ltr'>numeris&#39;</span> <span class='ocrx_word' id='word_1_291' title='bbox 684 3880 821 3945; x_wconf 80' lang='lat' dir='ltr'>utrumqne</span> <span class='ocrx_word' id='word_1_292' title='bbox 839 3875 897 3928; x_wconf 89' lang='lat' dir='ltr'>fieri</span> <span class='ocrx_word' id='word_1_293' title='bbox 917 3874 1043 3929; x_wconf 86' lang='lat' dir='ltr'>ostendit.</span> 
     </span>
    </p>

    <p class='ocr_par' dir='ltr' id='par_1_6' title="bbox 204 3963 1268 4129">
     <span class='ocr_line' id='line_1_35' title="bbox 310 3963 1268 4038; baseline -0.007 -15"><span class='ocrx_word' id='word_1_294' title='bbox 310 3971 338 4037; x_wconf 80' lang='lat'>4)</span> <span class='ocrx_word' id='word_1_295' title='bbox 358 3969 425 4023; x_wconf 86' lang='lat' dir='ltr'>Vult</span> <span class='ocrx_word' id='word_1_296' title='bbox 443 3970 526 4038; x_wconf 86' lang='lat' dir='ltr'>igitur</span> <span class='ocrx_word' id='word_1_297' title='bbox 538 3970 623 4024; x_wconf 84' lang='lat' dir='ltr'>Varro</span> <span class='ocrx_word' id='word_1_298' title='bbox 636 3970 725 4023; x_wconf 92' lang='lat' dir='ltr'>dioere</span> <span class='ocrx_word' id='word_1_299' title='bbox 737 3971 817 4023; x_wconf 84' lang='lat' dir='ltr'>haee:</span> <span class='ocrx_word' id='word_1_300' title='bbox 837 3965 966 4035; x_wconf 82' lang='lat' dir='ltr'>‘Membra</span> <span class='ocrx_word' id='word_1_301' title='bbox 977 3966 1006 4018; x_wconf 93' lang='lat' dir='ltr'>in</span> <span class='ocrx_word' id='word_1_302' title='bbox 1018 3966 1108 4020; x_wconf 78' lang='lat' dir='ltr'>statue</span> <span class='ocrx_word' id='word_1_303' title='bbox 1119 3963 1268 4018; x_wconf 87' lang='lat' dir='ltr'>Alexandri</span> 
     </span>
     <span class='ocr_line' id='line_1_36' title="bbox 204 4053 1267 4129; baseline -0.007 -13"><span class='ocrx_word' id='word_1_304' title='bbox 204 4063 276 4116; x_wconf 90' lang='lat' dir='ltr'>inter</span> <span class='ocrx_word' id='word_1_305' title='bbox 288 4077 317 4115; x_wconf 86' lang='lat' dir='ltr'>sa</span> <span class='ocrx_word' id='word_1_306' title='bbox 330 4062 501 4129; x_wconf 83' lang='lat' dir='ltr'>conveniunt,</span> <span class='ocrx_word' id='word_1_307' title='bbox 512 4061 697 4129; x_wconf 85' lang='lat' dir='ltr'>sivePhilippi</span> <span class='ocrx_word' id='word_1_308' title='bbox 708 4056 1005 4126; x_wconf 84' lang='lat' dir='ltr'>siveAlexandrioaput</span> <span class='ocrx_word' id='word_1_309' title='bbox 1014 4056 1043 4109; x_wconf 91' lang='lat' dir='ltr'>in</span> <span class='ocrx_word' id='word_1_310' title='bbox 1055 4073 1087 4110; x_wconf 88' lang='lat' dir='ltr'>ea</span> <span class='ocrx_word' id='word_1_311' title='bbox 1098 4053 1267 4126; x_wconf 80' lang='lat' dir='ltr'>imposueris¹</span> 
     </span>
    </p>
   </div>
   <div class='ocr_carea' id='block_1_4' title="bbox 0 0 1396 4614">
    <p class='ocr_par' dir='ltr' id='par_1_7' title="bbox 0 0 1396 4614">
     <span class='ocr_line' id='line_1_37' title="bbox 0 0 1396 4614; baseline 0 1"><span class='ocrx_word' id='word_1_312' title='bbox 0 0 1396 4614; x_wconf 95' lang='lat' dir='ltr'> </span> 
     </span>
    </p>
   </div>
  </div>
 </body>
</html>
