2782 4614
672 255 713 318 68

57 529 59 533 .
166 450 195 529 8,
220 450 239 510 2
264 449 309 534 (id
329 449 410 511 lacte
434 467 532 530 quam
557 447 719 509 asininum
748 450 779 508 et
802 445 864 508 alia
888 446 995 508 omnia
1019 445 1132 507 dicunt
1155 465 1224 510 esse

164 557 298 638 melius).
322 558 376 620 cfr.
401 561 456 620 sat.
481 555 565 618 Men.
587 576 616 639 p.
641 555 713 635 161,
737 552 758 616 5
782 559 902 636 (noque
917 554 1047 618 vetulus
1063 556 1224 618 canterius

164 687 260 749 quam
284 667 429 729 novellus
454 663 592 749 melior).

269 774 359 838 Haec
389 775 490 838 habeo
526 753 673 856 exempla
709 792 791 855 quae
826 773 890 836 huc
912 774 1087 856 pertinent3
1124 774 1225 835 multa

164 904 234 948 esse
257 889 421 968 praeterea
444 883 507 947 alia
541 885 575 946 in
609 883 700 946 libris
735 883 774 946 de
801 902 825 944 r.
850 904 874 945 r.
899 901 981 964 quae
1005 883 1131 946 solitam
1154 903 1225 966 par-

162 993 279 1057 ticulae
303 994 545 1058 collocationem
569 994 751 1074 ostendunt,
774 1013 840 1056 non
865 1012 946 1075 opus
970 997 1017 1055 est
1040 992 1152 1054 dicere.
1183 991 1225 1054 Et

162 1105 311 1168 inlibris
336 1105 466 1187 quidem
490 1105 529 1167 de
552 1104 570 1166 l.
594 1103 613 1165 l.
638 1103 764 1185 scriptis
788 1102 968 1184 numquam
992 1101 1030 1164 ab
1052 1120 1089 1163 ca
1104 1101 1226 1163 recedit

164 1219 273 1277 noster
309 1220 442 1297 excepto
476 1214 536 1277 hoc
571 1232 636 1276 uno
671 1213 740 1274 loco
764 1211 900 1302 vltra
926 1209 977 1288 13,
1001 1232 1030 1294 p.
1055 1211 1128 1273 401.
1164 1207 1227 1292 (De

164 1342 275 1386 eorum
294 1322 511 1387 declinatione
536 1343 631 1405 quarn
656 1323 695 1385 de
719 1321 892 1384 verborum
916 1326 989 1384 ante
1013 1321 1131 1400 dicam)
1167 1320 1225 1401 qui

164 1433 192 1495 si
226 1437 311 1495 recte
346 1451 380 1496 se
413 1432 509 1496 habet
530 1432 629 1512 locus,
663 1433 747 1493 hanc
780 1430 954 1494 verborum
985 1429 1226 1493 collocationem

163 1541 269 1604 studio
305 1541 399 1605 debet
433 1540 664 1604 vocabulorum
700 1559 782 1623 quae
818 1546 895 1603 sunt
924 1539 1018 1603 ‘ante'
1043 1544 1074 1602 et
1098 1537 1225 1603 ‘dicamf

162 1651 248 1713 inter
282 1670 316 1714 se
348 1649 547 1714 coalescendi
580 1655 611 1713 et
634 1651 846 1732 compositum
871 1650 956 1732 quod
979 1669 1132 1712 vocamus
1156 1647 1226 1710 effi-

163 1757 305 1840 ciendil)
817 1835 821 1842 ¹

270 1868 426 1954 imprimis
449 1867 607 1930 vocabulo
622 1869 656 1930 in
673 1868 764 1931 libris
782 1867 820 1931 de
839 1869 858 1930 l.
879 1869 897 1931 l.
921 1872 1031 1932 noster
1053 1887 1118 1930 non
1143 1886 1224 1930 usus

164 1983 220 2059 est,
241 1997 298 2061 pro
323 1998 388 2061 quo
412 1977 557 2040 adhibuit
578 1977 774 2051 locutionem
799 1976 842 2038 ‘in
865 1976 980 2060 primo’
1005 1994 1139 2057 eamque
1162 1975 1224 2037 hoc

162 2107 229 2150 uno
252 2089 320 2150 loco
345 2086 417 2166 VH,
442 2087 461 2168 ξ
481 2087 500 2148 2
524 2107 553 2169 p.
573 2085 646 2148 283.
691 2084 781 2148 Libri
805 2087 890 2149 der.
914 2107 938 2148 r.
967 2087 1051 2149 illud
1083 2084 1224 2148 vocabu·

162 2196 230 2258 lum
262 2198 403 2279 positum
434 2194 554 2259 habent
585 2195 636 2259 his
668 2195 761 2259 locis:
794 2195 819 2277 Ι,
845 2197 917 2275 2,8
953 2194 1040 2278 (Duo
1073 2195 1224 2277 inprimis

163 2427 230 2480 Vult
247 2429 319 2481 enim
339 2429 420 2482 scribi
440 2429 520 2498 ¹prior
539 2445 563 2498 q.
582 2446 608 2496 p.
628 2429 760 2483 crebrior'.
798 2429 879 2484 Codd.
905 2430 941 2482 ‘in
960 2446 990 2483 eo
1009 2429 1096 2497 prior'3
1121 2428 1222 2482 Victor.

162 2519 230 2574 coni.
250 2519 369 2576 ‘mehor’.
1063 2530 1064 2534 ’

269 2616 296 2676 1)
315 2611 368 2667 cfr.
397 2613 429 2665 de
459 2611 506 2667 l.l
532 2611 581 2679 ΙΧ,
609 2612 704 2681 §rot
731 2631 755 2683 p.
775 2615 826 2668 533
846 2616 895 2668 ‘est
913 2630 943 2667 ac
962 2614 1057 2682 putant
1074 2611 1168 2666 aliter'.
1188 2642 1223 2651 -

163 2703 279 2772 Reliqua
295 2703 324 2756 in
343 2704 388 2757 his
405 2703 482 2757 libris
499 2703 582 2756 huius
601 2704 705 2771 generis
723 2704 854 2773 exempla,
874 2721 941 2775 quae
962 2704 1070 2758 verbaa
1083 2703 1223 2757 tritissima

163 2794 266 2848 ratione
283 2795 364 2862 paulo
392 2795 499 2848 diverse
527 2794 655 2849 collocata
672 2795 779 2862 habent,
807 2797 882 2864 VlH,
901 2798 917 2866 ξ
937 2797 979 2864 79,
1007 2813 1032 2864 p.
1052 2795 1105 2849 450
1125 2795 1170 2861 cin
1192 2811 1224 2848 eo

163 2886 251 2954 potius
269 2887 440 2954 sequendam,
460 2901 540 2954 quam
559 2888 788 2956 consuetudinem,
806 2887 970 2957 rationem’);
988 2887 1038 2956 IX,
1051 2889 1066 2956 ξ
1079 2885 1121 2954 28,
1134 2903 1159 2953 p.
1169 2888 1224 2939 474

163 2978 225 3046 (²An
245 2977 322 3031 aliter
340 2978 391 3031 hoe
409 2979 447 3047 fit,
467 2994 548 3046 quam
565 2978 594 3030 in
614 2982 682 3046 atre,
700 2979 729 3031 in
749 2980 866 3050 aqua'1),
885 2980 920 3041 X,
940 2981 956 3049 ξ
975 2982 1017 3046 42,
1036 2997 1062 3047 p.
1081 2978 1224 3048 568171111-
1284 3046 1289 3055 .

162 3069 275 3136 gentius,
305 3086 386 3138 quam
413 3067 468 3136 alii,
496 3069 529 3122 ab
547 3070 704 3123 Aristarcho
735 3070 930 3140 grammatici),
955 3085 993 3124 ea
1010 3071 1066 3124 huc
1090 3088 1144 3124 non
1162 3087 1223 3139 per-

162 3159 260 3226 tinent;
287 3160 422 3214 rhetorica
446 3158 519 3212 enim
547 3176 629 3215 causa
656 3162 788 3216 adductus
815 3163 885 3215 hanc
903 3165 994 3216 noster
1019 3163 1048 3215 in
1067 3162 1223 3216 ordinandis

161 3251 273 3305 vocibus
292 3252 364 3305 viam
382 3251 521 3321 ingressus
540 3267 599 3306 esse
617 3252 734 3312 videtur.
758 3284 792 3292 -
818 3254 910 3308 liceat
932 3254 977 3308 hic
1000 3254 1067 3307 mihi
1085 3270 1171 3322 pauca
1189 3253 1223 3306 de

166 3358 195 3395 re
220 3344 336 3412 quadam
360 3343 457 3407 dicere,
487 3360 568 3412 quam
596 3361 683 3415 nuper
706 3345 816 3400 Carolus
838 3344 924 3399 Rothe
950 3345 1021 3415 apud
1044 3344 1146 3415 priscos
1170 3343 1224 3398 Ro·

167 3449 306 3488 manorum
326 3434 469 3504 scriptores
481 3435 641 3504 observarit,
657 3438 717 3506 post
734 3438 845 3506 gradum
859 3436 1072 3504 comparativum
1085 3435 1225 3490 rarissime

161 3525 226 3596 poni
257 3528 347 3595 ‘quam
378 3527 424 3596 ut',
455 3526 485 3579 in
503 3528 696 3601 copsuetudino
725 3545 783 3583 esse
812 3528 896 3582 solam
927 3528 1086 3598 particulam
1116 3526 1224 3595 ‘quamt

161 3615 358 3684 t‘Quaestiones
391 3619 580 3686 grammaticae
599 3619 633 3672 ad
657 3634 737 3672 usum
755 3619 845 3674 Plauti
870 3619 1040 3690 potissimum
1058 3622 1085 3673 et
1105 3618 1225 3672 Terentii

161 3708 319 3776 spectantes*
333 3708 454 3763 Berolini
473 3708 550 3766 1881.
570 3710 617 3764 cfr.
638 3709 763 3781 philolog.
782 3710 947 3765 Ruudschau
966 3727 989 3764 a.
1010 3710 1078 3765 1881
1092 3726 1148 3764 nro.
1167 3709 1224 3778 47).

163 3795 243 3864 Apud
258 3796 407 3852 Varronem
435 3800 544 3869 quidem
568 3801 668 3872 legitur
695 3802 792 3870 ‘quam'
816 3818 865 3870 pro
892 3804 981 3870 ‘quam
1005 3801 1052 3854 ut':
1078 3799 1131 3854 Sat.
1150 3799 1224 3856 Men.

162 3902 186 3954 p.
206 3889 266 3956 213,
286 3889 338 3943 673
358 3890 393 3961 (P)
413 3891 484 3960 [lter.
498 3892 553 3947 div.
573 3912 598 3964 p.
618 3893 678 3963 206,
698 3894 732 3962 1].
776 3894 816 3947 De
834 3910 855 3951 r.
874 3909 896 3950 r.
914 3893 936 3961 Ι,
961 3894 1002 3960 16,
1020 3893 1052 3958 4,
1071 3890 1160 3959 ‘quam
1183 3892 1223 3962 ut’

160 3977 201 4032 De
219 3978 237 4036 l.
256 3979 273 4034 l.
292 3981 326 4050 V,
345 3983 361 4051 ἕ
380 3983 441 4052 176,
460 4000 486 4051 p.
506 3984 572 4052 1763
590 3984 637 4050 VI,
656 3986 672 4054 ξ
690 3987 733 4055 67,
751 4002 777 4053 p.
797 3985 858 4042 243.
895 3984 936 4038 Dc
954 4000 976 4040 r.
995 4001 1016 4040 r.
1035 3984 1056 4039 Ι.
1077 3985 1118 4052 16,
1138 3985 1163 4039 6.
1182 3983 1226 4039 Da

161 4069 218 4124 vita
236 4088 297 4140 pop.
317 4088 383 4127 rom.
402 4091 428 4142 p.
447 4074 489 4140 39,
510 4076 552 4130 14.
