2782 4614
649 225 692 310 ri

137 433 257 496 'violam
275 427 305 495 et
328 430 437 494 h'ortos
459 430 568 494 faoias’
600 433 694 516 plane
718 410 809 497 aliter
831 416 1107 517 interpuiigeudus
1132 435 1205 500 esse'
1284 421 1287 426 ¹

139 543 217 605 mihi
240 543 379 605 videtur.
410 539 494 604 Nam
517 541 622 604 Varro
646 562 720 605 oum
745 543 808 606 alia
830 544 864 605 iu
887 544 1019 606 humido
1043 542 1112 608 loco
1137 542 1203 609 seri

140 657 283 736 oportere
307 651 450 732 dixisset,
474 670 562 714 nuuc
586 652 646 714 alia
670 657 898 715 commemorat
922 651 1015 736 ‘quae
1032 655 1119 717 arida
1131 655 1206 718 loca

140 761 333 846 sequuntur'
356 762 407 825 his
430 761 551 824 verbis:
586 758 716 824 ‘Contra
738 761 796 824 ubi
820 768 942 846 segetes
964 762 1203 844 frumentarias,

139 871 196 934 ubi
219 870 560 954 fabam‘potissimum
585 890 681 946 seras
711 872 787 934 item
812 871 873 934 alia
897 892 980 954 quae
1013 873 1100 936 arida
1132 873 1203 962 loca

140 979 341 1063 sequuntur'.
370 979 392 1043 J
393 1001 445 1043 am
460 976 611 1043 vero'hoo
628 981 813 1044 discrimine
828 979 911 1044 facto
928 981 968 1044 ad
984 982 1070 1044 aliud
1087 984 1204 1046 transit

141 1091 314 1153 discrimen
338 1089 423 1172 quod
447 1095 495 1153 est
517 1090 602 1152 inter
624 1089 777 1153 umbrosa
799 1090 869 1153 loca
893 1096 924 1153 et
947 1092 1069 1173 aprica3
1102 1111 1204 1175 quare

140 1203 211 1282 post
235 1198 370 1291 verbum
394 1198 597 1283 ‘sequuntur’
632 1201 752 1282 majore
774 1201 1034 1283 interpunctione
1056 1202 1207 1265 inciden-

140 1310 226 1391 dum,
252 1308 356 1373 ‘siout'
380 1314 488 1372 autem
511 1309 704 1372 mutandum
728 1328 797 1373 esse
820 1312 855 1372 in
880 1309 937 1374 ‘sic
960 1310 1006 1374 ut’
1040 1331 1098 1394 ego
1123 1310 1203 1373 mihi

138 1421 295 1504 persuasi.
342 1418 414 1482 ‘Sic'
438 1420 523 1482 enim
547 1420 664 1482 vocula
686 1431 867 1502 (uunquam
888 1420 1004 1505 staur)
1020 1422 1105 1485 utin
1122 1441 1204 1484 enu-

139 1531 301 1593 merandis
326 1530 440 1592 similis
462 1532 598 1591 naturae
621 1530 806 1593 notionibus
831 1533 1016 1614 saepissime
1033 1531 1210 1594 adhibetur

140 1644 171 1703 et
193 1658 327 1722 prorsus
349 1640 435 1703 idem
459 1640 545 1701 valet
568 1639 654 1722 quod
679 1638 739 1721 ‘et',
774 1641 820 1702 sic
852 1642 887 1702 iu
911 1641 1100 1725 copulandis
1127 1661 1203 1705 sen·-

139 1751 256 1829 tentiiS,
278 1750 318 1812 iis
342 1769 424 1832 quac
448 1750 552 1814 simile
577 1748 699 1832 aliquid
727 1751 893 1813 continent
920 1788 963 1795 -—
986 1751 1045 1813 hoo
1070 1751 1202 1834 quidem

138 1859 208 1922 loco
243 1860 411 1943 regionum
448 1859 635 1922 discrimina
669 1866 901 1922 enumerantur
934 1897 977 1905 —
1008 1860 1206 1924 creberrimo

138 1968 245 2031 locuni
281 1968 377 2032 habet
412 1989 449 2032 ac
484 1971 565 2032 verti
599 1973 702 2051 potest
735 1970 893 2052 particula
917 1969 1041 2052 ‘porrot
1087 1969 1205 2053 Itaque

139 2082 243 2141 totum
265 2079 354 2141 huuc
376 2078 484 2142 locum
507 2078 677 2161 legendum
696 2098 839 2163 propono
857 2081 916 2142 sio:
943 2079 1093 2143 ‘Idoneus
1108 2081 1204 2143 locus

139 2187 318 2271 eligendus
352 2189 409 2252 ubi
431 2189 530 2252 facias
554 2188 703 2252 salictum
739 2193 770 2251 et
792 2188 1032 2269 arundinetum,
1069 2191 1114 2252 sic
1138 2189 1202 2251 alia

140 2318 224 2380 quae
246 2298 416 2362 humidum
439 2299 547 2363 locum
572 2304 746 2380 quaeruut3
772 2302 882 2361 contra
905 2299 964 2360 ubi
987 2297 1110 2380 segetes
1133 2295 1206 2360 fru-

138 2412 320 2484 mentarias,
356 2407 414 2470 ubi
437 2408 543 2471 fabam
565 2410 768 2492 potissimum
793 2427 888 2489 seras⁷
920 2409 996 2471 item
1032 2408 1094 2471 alia
1118 2427 1204 2490 quae

139 2518 227 2581 arida
250 2519 320 2582 loca
344 2523 534 2600 sequuntur.
593 2518 645 2582 Sic
669 2524 706 2582 ut
730 2518 890 2581 umbrosis
913 2518 992 2580 locis
1017 2518 1079 2580 alia
1102 2537 1206 2598 seraa

138 2636 175 2692 ut
198 2628 334 2692 corruda
358 2664 410 2704 -,
435 2632 465 2690 et
489 2626 638 2711 apricisb,
662 2633 698 2690 ut
720 2628 767 2691 ibi
791 2647 879 2692 seras
903 2628 1019 2690 violam
1038 2633 1068 2690 et
1091 2626 1206 2690 hortos-

137 2737 257 2800 faoias.'
281 2775 323 2783 -
348 2738 495 2800 Alterum
518 2739 616 2802 huius
631 2738 805 2820 particulae
829 2737 1014 2819 exemplum
1038 2737 1124 2819 quod
1144 2716 1204 2799 exss

138 2851 184 2909 tat
205 2845 263 2927 111,
275 2845 304 2910 9.
317 2846 369 2926 21,
391 2847 480 2909 nullo
504 2847 652 2910 codicum
673 2846 885 2911 fundamento
908 2848 1029 2910 nititur.
1066 2845 1218 2910 Codices.

138 2957 234 3033 onim,
251 2975 332 3038 quos
346 2955 508 3020 Gesnerus
533 2958 689 3040 sequitur,
713 2958 775 3020 sio:
802 2956 846 3020 ‘Si
870 2958 904 3019 in
921 2956 1084 3020 farciendo
1100 2956 1205 3018 nimio

137 3062 208 3127 cibo
231 3065 410 3146 fastidiunt,
433 3067 662 3130 remittendum
686 3067 719 3129 iu
745 3067 872 3130 datione
905 3085 962 3149 pro
986 3067 1131 3149 portione
1164 3085 1206 3128 ac

138 3173 248 3236 decem
282 3176 395 3258 primis
423 3176 593 3258 processit,
633 3178 668 3238 in
703 3177 938 3259 posterioribus
972 3180 1010 3239 ut
1034 3175 1201 3238 deminuat

137 3282 249 3346 eadem
273 3283 416 3347 ratione!
447 3284 510 3348 Pro
536 3283 592 3348 ‘ac’
616 3285 772 3367 particula
805 3290 928 3349 veteres
953 3285 1109 3369 quaedam
1134 3284 1205 3348 edi·

136 3392 251 3485 tiones,
290 3394 499 3477 interpolatae
534 3396 663 3472 scilicet,
700 3394 802 3458 ‘sicut’
842 3393 1006 3475 exhibent,
1043 3394 1076 3456 id
1112 3393 1202 3475 quod

137 3500 353 3610 Schneidepus
385 3508 505 3567 temere
540 3506 709 3587 amplexus
744 3508 800 3568 est.
857 3502 968 3567 ‘Siout'
1001 3504 1088 3566 euim
1110 3502 1201 3565 nulla

136 3612 260 3674 ratione
283 3612 335 3675 hic
357 3613 434 3676 ferri
455 3618 568 3698 potest,
592 3613 650 3677 ‘ac’
675 3632 750 3676 vero
773 3618 847 3696 post
870 3613 1006 3676 verbum
1038 3610 1105 3695 ‘pro
1128 3629 1206 3693 por·

136 3721 292 3803 portione’
316 3741 383 3785 nou
406 3723 513 3787 minus
537 3728 622 3788 recte
647 3721 798 3787 sehabet
822 3742 920 3806 quam
944 3721 1094 3805 postilla
1119 3738 1207 3804 quae·

135 3868 349 3877 ——.-..-.---

244 3963 273 4034 1)
291 3956 328 4017 ‘et
346 3963 453 4032 apricis'
472 3981 523 4020 om.
541 3964 599 4018 Pol
