2782 4614
682 266 723 327 80

171 457 259 518 horis
283 461 392 520 aestus
417 461 589 517 creuerunt
619 453 751 516 totidem
777 454 988 517 decreuerunt
1010 474 1125 519 rursus
1148 456 1233 519 idem

166 567 309 648 itemque
332 564 371 628 ab
394 563 467 627 hiss’
640 560 645 570 '

276 673 365 750 Quae
398 674 496 738 verba
528 672 720 757 Spengelius
754 677 783 736 et
807 671 985 735 Muellerus
1018 674 1101 736 male
1132 675 1233 738 inter-

167 782 390 867 punxerunt,1)
415 784 503 847 solus
519 779 714 862 Madvicus2)
730 787 817 845 recta
833 783 1091 864 interpunctione
1107 784 1235 865 scripsit

169 895 228 957 sic:
255 913 328 957 cum
355 913 413 957 sex
429 893 517 955 horis
534 898 643 955 aestus
660 897 839 972 creverunt,
862 891 994 954 totidem
1014 892 1236 974 decreverunt,

154 1000 306 1087 rursus3)
330 1004 416 1066 idem
442 1002 487 1078 (fit
510 1006 548 1064 ut
571 1006 715 1064 crescant
739 1007 771 1063 et
794 1001 998 1080 decrescant).

275 1111 387 1176 Cetera
412 1131 494 1194 quae
519 1117 701 1192 sequuntur
724 1109 823 1173 verba
854 1111 1013 1193 quomodo
1046 1112 1096 1172 vir
1120 1110 1234 1175 doctus

167 1221 373 1302 intellexerit,
407 1223 525 1284 nescio.
583 1219 774 1303 Spengelius
808 1239 884 1282 vero
919 1220 1091 1303 legendum
1125 1225 1232 1306 putat:

168 1329 263 1393 ‘ltem
287 1349 371 1413 quae
395 1330 433 1392 ab
457 1331 517 1411 his,
541 1351 582 1393 an
607 1378 613 1391 .
638 1329 655 1392 .'
689 1349 773 1411 quae
796 1329 895 1392 verba
919 1349 976 1413 ego
1000 1349 1065 1392 non
1089 1349 1234 1413 eompre-

166 1440 280 1504 hend0.
328 1439 360 1503 O.
386 1439 422 1504 Ο.
447 1440 642 1504 Muellerus:
674 1432 730 1485 ‘—
753 1458 875 1503 rursus
890 1440 991 1517 idem3
1024 1440 1168 1521 itemque
1192 1440 1233 1502 ab

166 1547 235 1611 his'.
281 1549 319 1611 ld
343 1556 405 1613 est:
430 1551 505 1613 inde
529 1550 568 1612 ab
593 1551 653 1632 his,
675 1556 747 1633 post
769 1550 827 1612 has
851 1548 918 1611 XII
940 1549 1042 1612 horas.

273 1658 335 1722 Sed
358 1660 436 1722 haec
459 1662 679 1743 interpretatio
703 1679 816 1724 vereor
844 1677 885 1722 ne
909 1659 949 1721 sit
972 1659 1069 1722 nimis
1093 1657 1233 1722 obscura

164 1773 263 1850 atque
285 1769 408 1833 insoliti
431 1770 504 1853 plus
527 1772 612 1833 iusto
635 1769 759 1832 habeat.
805 1767 889 1831 Nam
913 1773 950 1831 ut
973 1770 1117 1831 omittam
1137 1768 1232 1831 dubi-

165 1879 317 1941 tationem
341 1879 489 1960 relinqui,
515 1879 713 1960 particulane
743 1870 808 1940 tab'
833 1880 873 1942 ad
896 1884 1023 1962 tempus
1048 1878 1232 1942 describen-

166 1988 245 2050 dum
270 1989 357 2051 sica
382 1988 527 2051 Varrone
549 1994 697 2071 ponatur,
730 1993 856 2052 utnon
881 1990 993 2069 dicam,
1026 1991 1102 2051 huic
1124 1988 1230 2053 Muel-

164 2098 222 2160 leri
238 2099 381 2179 opinioni
397 2098 514 2161 melius
534 2099 707 2161 convenire
728 2090 902 2181 ‘idemque’
928 2119 1026 2180 quam
1051 2097 1228 2180 ,itemque':

164 2206 261 2270 verba
286 2227 367 2290 quae
400 2212 478 2270 sunt
498 2199 550 2270 ‘ab
571 2207 630 2271 his’
666 2227 731 2290 qua
763 2211 816 2272 via
849 2226 984 2271 sensum
1013 2213 1232 2290 assequantur

165 2336 261 2398 quem
289 2316 467 2381 Muellerus
498 2317 578 2398 vult,
610 2336 668 2399 ego
701 2337 767 2380 non
799 2319 964 2400 perspicio.
1012 2317 1097 2393 Quid
1128 2317 1229 2380 uero?

164 2425 197 2488 Si
220 2425 362 2488 Madvioi
392 2427 685 2509 interpunctionem
718 2428 966 2510 opinionemque
990 2428 1091 2491 secuti
1115 2426 1244 2489 scribi-n
1337 2456 1339 2463 <

163 2554 251 2598 mus:
278 2527 368 2597 ‘cum
393 2555 451 2599 sex
475 2535 562 2598 horis
586 2541 693 2599 aestus
717 2544 897 2616 creverunt,
920 2537 1053 2600 totidem
1077 2535 1229 2599 decreve-

163 2650 250 2725 runt,
284 2665 399 2709 rursus
433 2647 519 2710 idem
554 2648 698 2728 itemque
733 2646 771 2709 ab
807 2648 856 2709 his
892 2645 944 2714 (sc.
984 2644 1125 2709 aestibus
1158 2643 1230 2726 fio’,

163 2773 270 2817 noune
295 2756 402 2845 omnia
424 2756 506 2820 bene
530 2774 564 2820 se
586 2756 727 2821 habent?

274 2864 325 2945 VI,
349 2861 368 2949 ξ
385 2865 403 2926 7
408 2866 426 2927 9
449 2885 478 2947 p.
496 2866 559 2927 225
583 2885 640 2948 pro
657 2885 693 2929 eo
715 2866 802 2948 quod
817 2865 979 2948 proditum
995 2868 1055 2928 est:
1078 2856 1111 2926 ‘a
1127 2882 1228 2946 quae-

161 2973 261 3035 rendo
295 2972 460 3055 Quaestio,
495 2975 534 3037 ab
566 2975 616 3039 his
649 2974 877 3058 Conquaestor’
911 2973 943 3037 Ο.
976 2972 1012 3058 Ο.
1046 2971 1227 3036 Muellerus

269 3171 295 3240 1)
314 3170 434 3240 Uterque
452 3173 620 3241 interpunxit
637 3175 691 3227 sie:
716 3168 788 3228 ‘cum
807 3190 855 3228 sex
873 3173 947 3228 horis
966 3174 1056 3227 aestua
1074 3173 1226 3238 creuerunt,

162 3261 274 3316 totidem
294 3264 471 3318 decreverunt
489 3280 582 3317 rursus
601 3257 679 3319 idem'
709 3296 744 3306 ·-
772 3267 801 3319 in
829 3281 881 3333 quo
908 3281 962 3318 non
986 3266 1058 3318 recte
1076 3263 1227 3332 perlectum

161 3370 209 3423 pro
223 3355 359 3422 praesenti
372 3347 569 3426 (decrescunt)
582 3357 698 3425 positum
711 3373 770 3412 esse
782 3358 865 3426 patet3
881 3357 914 3412 cf.
926 3356 1045 3426 Madvig.
1058 3355 1076 3413 l.
1090 3373 1113 3410 e.
1126 3372 1151 3424 p.
1163 3356 1226 3411 175,

268 3447 500 3517 2)l.c.p.175.

267 3539 295 3608 3)
314 3534 432 3594 ‘Rursus'
457 3539 529 3608 apud
547 3539 697 3594 Varronem
720 3540 878 3610 saepissimo
900 3557 963 3594 cum
985 3539 1077 3594 verbis
1099 3537 1226 3592 movendi

161 3630 303 3698 copulatur·
330 3631 500 3698 maximeque
528 3646 591 3683 oum
618 3631 653 3684 iis
680 3647 749 3701 quae
773 3647 789 3685 a
812 3626 859 3688 ‘re’
883 3632 1015 3702 particula
1032 3629 1162 3699 loquelari
1179 3628 1225 3682 in-

160 3719 275 3788 cipiunt:
307 3721 346 3775 sic
364 3722 463 3791 legitur
480 3716 584 3776 ‘rursus
602 3721 704 3778 redire'.
741 3723 782 3777 De
800 3723 819 3779 l.
837 3725 855 3780 l.
873 3724 921 3792 Vl,
940 3727 955 3792 ξ
975 3724 1009 3778 10
1026 3739 1053 3791 p.
1074 3721 1138 3789 1923
1168 3719 1221 3789 IX,

160 3811 228 3880 §86
247 3829 272 3881 p.
291 3814 352 3871 521.
389 3814 430 3868 De
448 3831 469 3869 r.
482 3830 504 3869 r.
523 3814 572 3883 III,
592 3815 634 3883 17,
648 3814 673 3871 9.
709 3814 749 3868 De
768 3815 846 3884 gente
864 3813 1014 3886 popRom.
1033 3812 1087 3870 lc.
1106 3813 1223 3882 pane.

161 3906 191 3960 ‘r.
210 3904 344 3958 revocare’
364 3905 398 3959 de
415 3905 434 3961 l.
447 3906 465 3961 l.
484 3905 531 3976 VI,
550 3907 565 3975 ξ
580 3906 614 3959 46
632 3923 659 3976 p.
673 3905 732 3961 224.
753 3937 785 3945 —
805 3900 834 3959 ‘r.
848 3904 957 3960 reicere’
977 3905 1010 3959 de
1028 3922 1050 3960 r.
1062 3921 1084 3960 r.
1102 3904 1132 3973 I,‘
1145 3904 1187 3972 13,
1195 3906 1222 3964 5,

159 4025 194 4034 -
213 3990 243 4050 ‘r.
261 3995 381 4050 reddere'
407 3997 524 4066 11,2,1.
561 3992 665 4050 ‘rursus
684 3997 845 4050 decrescere’
867 3997 890 4066 I,
910 3999 987 4066 37,1.
1024 3991 1158 4051 ‘Rursum'
1182 3994 1223 4050 le·

158 4085 230 4153 gitur
248 4086 281 4140 de
299 4087 316 4141 l.
335 4086 352 4140 l.
373 4089 406 4158 V,
426 4091 442 4159 ἕ
459 4090 495 4145 40
514 4108 538 4159 p.
557 4089 599 4147 40.
638 4088 679 4142 De
696 4103 718 4144 r.
737 4103 758 4147 r.
777 4088 799 4157 I,
818 4087 861 4157 29,
871 4090 896 4143 2.
