2782 4614
634 271 673 334 77

121 459 223 524 ditum
248 465 309 525 est:
337 461 394 524 ’Ad
420 462 642 525 huiuscemodi
666 459 850 544 voeabulal)
875 463 1037 546 analogias
1061 481 1183 525 esse..

121 569 178 634 ubi
202 572 390 653 magnitudo
414 572 698 634 animadvertenda
729 574 771 636 sit
800 573 832 634 in
857 591 1056 655 unoquoque
1079 571 1181 655 gradu

120 699 158 742 ea
182 699 263 762 quae
287 682 385 743 sitin
409 701 472 744 usu
495 682 667 762 communi,
692 686 727 744 ut
751 691 799 745 est
809 681 894 746 Clota
911 680 1032 745 Ilistula
1052 680 1183 744 Cistella

119 791 150 854 et
173 787 267 853 Oanis
291 788 426 854 Catulus
450 789 636 873 Catellus.2)’
1046 797 1049 803 '

227 898 334 963 Verba
362 892 414 962 ‘ea
448 899 540 982 quae*
571 899 747 964 Muellerus
784 902 921 963 mutavit
955 901 990 962 iu
1018 892 1184 983 ‘eaque',3l

121 1028 218 1090 quam
251 1027 308 1091 ego
340 1010 510 1073 lectionem
542 996 721 1092 amplector.
768 1008 859 1072 Duas
890 1012 975 1073 enim
1001 1029 1053 1073 res
1077 1009 1182 1072 Varro

120 1119 197 1182 dicit
219 1119 396 1181 illiusmodi
421 1117 575 1182 voeabula
598 1121 632 1181 iu
649 1138 682 1183 se
698 1118 836 1182 habeant
854 1124 1012 1202 oportere:
1038 1121 1180 1202 primum

118 1233 155 1291 ut
177 1228 365 1311 magnitudo
388 1247 497 1290 rerum
517 1248 596 1310 quas
613 1228 795 1312 significant
809 1232 844 1291 in
863 1248 1060 1313 unoquoque
1075 1229 1179 1312 gradu

118 1339 152 1399 iu
176 1326 348 1420 conspeetu
364 1337 428 1419 fiat,
452 1337 566 1401 deinde
582 1343 618 1400 ut
634 1357 847 1420 unaquaeque
870 1339 1058 1423 maguItudo
1082 1340 1122 1401 sit
1145 1340 1179 1400 in

120 1466 182 1510 usu
205 1448 377 1509 communi.

223 1555 284 1635 IX,
318 1558 336 1637 ξ
362 1556 403 1618 68
435 1577 463 1639 p.
492 1554 554 1618 506
588 1558 622 1618 in
655 1557 764 1619 codiee
791 1556 872 1620 Flor.
905 1558 1057 1640 legimus:
1084 1549 1178 1620 ‘Item

118 1666 358 1748 reprehendunt
403 1667 583 1750 analogias,
630 1667 715 1748 quod
764 1667 913 1729 dteautur
961 1666 1181 1729 multItudiuIs

119 1776 249 1838 nomine
272 1776 453 1859 publicae
476 1778 618 1857 balneae,
642 1796 706 1839 nou
723 1774 846 1856 balnea,
869 1781 979 1839 contra
996 1774 1081 1857 quod
1102 1777 1178 1857 pri-

118 1886 197 1947 vati
230 1885 339 1948 dloaut
368 1905 472 1949 unum
504 1886 666 1966 balneum,
699 1886 784 1968 quod
807 1886 901 1968 plura
921 1881 1063 1953 -balnea4I
1087 1882 1182 1964 nou5l

118 1995 232 2058 dicant.
281 1987 407 2070 Quibus
429 1997 615 2079 responderi
638 2001 750 2079 potest,
774 2016 839 2059 nou
856 2015 925 2059 esse
945 1994 1181 2077 reprehenden-

118 2104 204 2186 dum,
229 2107 314 2188 quod
338 2105 448 2169 Scalae
472 2112 502 2167 et
524 2108 640 2188 Aquae
664 2104 787 2184 Caldae,
819 2104 972 2186 pleraque
996 2123 1079 2187 quae
1103 2123 1179 2167 eum

117 2232 214 2277 eausa
236 2215 455 2279 multitudinis
480 2215 644 2278 vocabulis
668 2216 732 2277 sint
755 2215 911 2297 appellata
934 2232 1042 2295 neque
1065 2232 1179 2276 eorum

117 2325 293 2406 singularia
316 2327 349 2386 iu
375 2344 470 2388 usum
493 2321 678 2398 venerintfil
723 2324 879 2406 idemque
900 2325 978 2387 item
1002 2321 1132 2385 eontra!
1252 2304 1254 2307 ’

222 2431 325 2497 Varro
356 2435 454 2517 igitur
492 2434 631 2497 refutare
664 2435 734 2497 vult
767 2434 956 2498 seutentiam
985 2452 1096 2496 eorum
1121 2433 1178 2514 qui

116 2542 296 2624 analogiam
320 2563 390 2608 esse
420 2549 537 2627 negant
569 2542 622 2606 rel
644 2544 892 2627 reprehendunt,
917 2543 1004 2625 quod
1026 2540 1179 2625 publicae

116 2650 265 2714 dieantur
287 2652 437 2734 Balneae‚
468 2674 533 2717 non
560 2653 692 2733 Balnea,
722 2654 840 2736 privati
875 2653 983 2715 dIcaut
1013 2650 1174 2713 Balneum

115 2763 213 2843 (quod
237 2782 353 2826 unum
377 2759 556 2847 signifieat),
591 2782 658 2826 non
680 2762 803 2826 Balnea
826 2762 923 2846 (quod
946 2762 1059 2844 plura
1093 2760 1175 2822 desi-

114 2876 211 2952 gnat).
258 2870 352 2947 Quod
374 2874 419 2936 ita
440 2872 525 2954 fauit,
547 2879 583 2936 ut
603 2865 688 2941 ‘cum
713 2873 824 2943 causa’
848 2872 1003 2955 pleraque
1026 2868 1178 2933 multiru-

115 2978 200 3043 diuis
232 2982 294 3053 (vel
324 2984 498 3067 singularis
533 2983 672 3062 numeri)
711 2983 877 3046 vocabulis
913 2981 1070 3065 appellata
1105 2999 1181 3046 esse

114 3126 145 3133 .—

221 3180 247 3249 1)
265 3180 339 3235 Haeo
358 3183 442 3236 verba
459 3181 582 3252 Spengel.
609 3183 733 3250 corrupta
751 3197 809 3235 esse
833 3183 910 3248 putat
927 3180 956 3233 in
974 3179 1067 3248 philol.
1086 3179 1178 3243 XVII,

114 3286 173 3340 pag.
193 3272 253 3326 304.

221 3362 249 3434 2)
268 3364 308 3418 De
326 3364 370 3418 his
383 3366 472 3419 verbis
484 3366 545 3419 ride
559 3366 708 3419 uhristium
723 3367 752 3418 in
765 3362 857 3433 philol.
870 3363 945 3430 XVI,
964 3365 991 3416 et
1003 3363 1174 3431 Spengelium

112 3453 179 3509 ibid.
197 3453 286 3522 xvir,
306 3473 331 3522 p.
350 3457 410 3512 304.

220 3547 247 3616 3)
267 3546 352 3601 Ceteri
373 3552 478 3617 praeter
495 3548 679 3603 Florentinum
700 3548 806 3602 oodiees
824 3545 953 3599 exhibent
973 3544 1009 3599 'et
1027 3550 1111 3614 quae'.

219 3638 247 3708 4)
265 3631 395 3694 ‘Balneas'
416 3640 513 3709 Speng.

219 3733 247 3800 5)
265 3727 352 3798 ‘Non'‚
369 3732 453 3800 'quod
481 3733 557 3786 deest
580 3733 608 3785 iu
633 3732 691 3788 eod.
708 3730 738 3784 F.
764 3746 851 3799 neque
875 3730 956 3784 habet
975 3729 1140 3798 Spengelius
1160 3746 1174 3783 a

112 3819 215 3890 Popma
240 3826 313 3876 reete
339 3822 368 3875 in
396 3825 521 3877 contextu
546 3824 664 3892 positruu
688 3838 746 3876 esse
767 3822 887 3889 videtum
920 3823 992 3890 quod
1009 3822 1080 3876 idem
1099 3824 1175 3889 putat

113 3911 144 3966 0.
168 3911 323 3984 Muellerus,
353 3917 381 3968 ot
406 3915 463 3986 ipse
493 3914 651 3984 Spengelius
681 3931 736 3968 non
766 3914 835 3967 male
863 3913 1011 3968 conexisse
1041 3913 1175 3982 Popmani

111 4003 263 4066 arbitratur.

218 4097 246 4164 6)
263 4089 412 4150 ‘venerunt’
431 4097 460 4154 F.
480 4099 512 4152 ef.
533 4098 624 4153 Groth.
643 4114 669 4165 p.
689 4098 732 4152 58.
