2782 4614
637 293 678 357 93

130 502 188 567 pro
220 474 322 547 ‘sive'.
358 482 407 567 (ut
438 475 527 546 ‘neu'
561 503 618 566 pro
650 477 767 564 ‘neve’l
804 484 889 565 apud
914 483 1091 548 Varronem
1128 505 1195 548 non

131 594 262 677 legitur3
288 593 403 656 deinde
427 594 487 655 hoc
509 594 701 676 gravissimo
726 593 873 657 Muelleri
895 594 1037 656 remedio
1061 595 1194 658 minime

133 722 213 785 opus
237 706 294 766 est.
342 700 427 776 Quid
452 703 559 766 enim?
599 702 715 766 Nonne
749 704 869 766 leuiore
904 703 964 765 hac
998 705 1193 766 correctione

129 804 324 897 ‘Argiletum
349 816 425 874 sunt
449 813 504 894 qui
528 813 727 894 scripserunt
755 812 794 875 ab
818 813 897 895 Argi
921 813 993 892 leto,
1024 813 1110 894 quod
1126 861 1132 874 .
1151 862 1157 875 .
1176 812 1193 874 .'

134 941 217 1004 quae
251 927 414 1004 praeterea
444 921 577 1005 Vergilii
612 922 761 986 versibus
796 923 852 1005 qui
887 926 964 984 sunt
998 924 1078 985 Aen.
1103 920 1193 1002 VIII,

135 1031 197 1093 345
222 1029 297 1113 sq.¹)
321 1032 438 1114 optime
462 1032 714 1113 commendatur,
743 1032 991 1115 pulcherrimam
1024 1030 1194 1094 lectionem

133 1139 332 1222 traditaeque
356 1140 530 1203 admodum
555 1142 691 1205 similem
715 1161 787 1204 sum
811 1140 999 1204 assecutus?

241 1248 313 1326 VII,
350 1251 368 1330 ξ
399 1248 442 1311 44
475 1270 504 1333 p.
527 1251 590 1314 330
626 1251 720 1314 lectio
756 1256 804 1314 est
840 1250 985 1313 codicum
1020 1252 1110 1314 haec:

343 1351 395 1420 ‘ld
417 1358 553 1423 'lutulus
585 1361 760 1443 appellatus
788 1361 826 1423 ab
850 1380 892 1451 ‘eo
918 1360 1003 1442 quod
1029 1361 1194 1423 ..crines

292 1516 299 1531 .
324 1517 332 1539 ,
357 1467 546 1531 dicebantur
568 1470 666 1532 tutuli
684 1491 690 1531 :
708 1472 775 1533 sive
799 1470 838 1532 ab
863 1490 899 1533 eo
924 1469 1010 1552 quod
1033 1470 1065 1532 id
1084 1470 1196 1534 tuendi

294 1596 390 1640 causa
419 1578 525 1660 capilli
547 1577 644 1641 fiebat
667 1580 735 1641 sive
759 1579 797 1641 ab
822 1599 858 1642 eu
883 1579 968 1661 quod
993 1628 999 1641 .
1024 1629 1030 1642 .
1055 1579 1073 1641 .'

135 1686 174 1749 de
207 1706 272 1769 qua
306 1687 441 1749 lectione
475 1707 570 1751 nemo
606 1709 753 1771 unquam
781 1688 949 1751 dubitavit.
997 1688 1063 1752 Nec
1087 1691 1195 1753 miuus

135 1801 221 1858 certa
248 1803 295 1858 est
321 1796 383 1858 luci
416 1798 473 1879 qui
496 1804 543 1860 est
566 1797 609 1878 X,
633 1799 652 1878 ξ
677 1799 718 1860 58
742 1818 770 1880 p.
796 1799 859 1860 578
884 1799 977 1862 lectio
1001 1799 1093 1862 haec:
1127 1791 1195 1862 ‘ad-

135 1924 261 1969 sumere
285 1955 290 1962 .
316 1955 322 1968 .
346 1905 466 1989 figuras
501 1927 555 1970 eas
592 1927 675 1989 quae
710 1927 776 1970 nou
811 1914 905 1972 erunt
932 1910 1104 1992 ambiguae
1128 1911 1195 1972 sive

135 2014 316 2097 singulares
341 2016 409 2078 sive
433 2017 670 2080 multitudiuis.

241 2124 286 2187 At
308 2124 362 2188 ille
386 2128 443 2207 qui
467 2134 515 2189 est
537 2126 611 2203 VH,
634 2127 653 2206 ξ
679 2127 719 2188 79
742 2147 771 2209 p.
791 2125 855 2189 358
877 2119 910 2189 ‘a
932 2125 1195 2208 conticisoeudo2)

136 2232 352 2296 Ocuticinium
387 2236 455 2298 sive
489 2241 525 2298 ut
549 2234 675 2319 Opilius
698 2237 817 2316 scribit,
852 2237 891 2300 ab
927 2257 963 2301 eo
1000 2256 1095 2319 quum
1121 2257 1196 2300 con·

134 2345 296 2406 licuerunt
311 2344 468 2407 homincs'
486 2347 645 2409 maximae
662 2352 709 2409 est
725 2347 901 2410 offensioni.
938 2346 1069 2410 Primus
1089 2357 1196 2410 autem

134 2454 169 2514 iu
193 2471 230 2515 eo
255 2453 386 2516 offendit
409 2453 441 2516 C.
464 2453 497 2516 F.
522 2454 572 2518 W.
589 2455 766 2520 Muellerus
790 2477 863 2520 cum
888 2455 1012 2537 dicatt3)
1058 2456 1135 2522 Dies
1153 2460 1197 2521 ist

136 2564 188 2626 die
212 2564 335 2647 eiuzige
352 2562 457 2642 Stelle
482 2584 530 2626 wo
555 2566 622 2628 sive
640 2567 771 2630 :oder
794 2567 979 2632 iiberliefert
1000 2569 1050 2630 ist.
1081 2566 1197 2630 Hierin

136 2693 227 2737 muss
253 2674 282 2752 l)
318 2674 479 2736 entweder
509 2673 750 2738 Conticisceudo
784 2677 885 2740 falech
921 2679 1005 2755 seiu3
1042 2676 1126 2739 denu
1162 2695 1196 2739 es

137 2788 223 2845 wilre
245 2782 417 2845 licherlich
439 2783 544 2846 neben
570 2785 627 2847 der
649 2786 743 2847 einen
760 2784 963 2869 Etymologie
980 2784 1197 2849 Conticinium

137 2911 201 2954 von
226 2889 439 2956 Cunticiscere
470 2894 551 2955 noch
586 2895 633 2956 als
660 2897 771 2958 aweite
806 2894 1022 2958 anzufiihreu:
1059 2893 1135 2957 oder
1158 2943 1164 2955 .
1190 2943 1196 2956 .

137 3003 250 3080 daven,
275 3003 349 3065 dass
373 3002 460 3064 daun
485 3002 536 3066 die
552 3002 727 3067 Menschen
744 3009 938 3067 verstummt
962 3005 1043 3067 sind.
1091 3003 1125 3087 2)
1149 3003 1197 3066 lst

135 3111 210 3176 Sive
233 3113 359 3195 richtig,
393 3131 428 3175 so
459 3112 625 3176 verbindet
654 3131 687 3176 es
711 3114 796 3177 auch
819 3115 889 3178 hier
911 3115 1001 3177 nicht
1022 3115 1102 3178 anei
1127 3132 1197 3177 ver-

135 3222 304 3286 schiedeue
339 3222 533 3286 Ausdriiclre
566 3222 620 3285 fiir
654 3223 794 3287 dieselbe
827 3223 937 3288 Sache.
995 3224 1198 3288 Vermutliclr

135 3334 177 3396 ist
200 3351 233 3395 es
257 3331 334 3395 aber
355 3332 444 3395 nicht
466 3333 590 3415 richtig‚
613 3334 807 3414 wenigstens
831 3333 1012 3416 gebraucht
1034 3333 1138 3396 Varro
1162 3334 1197 3395 in

136 3441 208 3505 dem
243 3441 395 3525 hiufigen
419 3440 515 3522 Falle,
550 3441 624 3504 dass
647 3461 682 3504 er
704 3442 848 3506 mehrere
871 3442 1116 3527 Etymologieen
1140 3462 1196 3504 zu-

136 3571 280 3616 sammen
305 3552 398 3632 stellt,
421 3552 474 3615 nie
498 3553 548 3614 ein
574 3549 733 3614 einfaches
755 3553 833 3631 sive,
857 3553 997 3616 sondern
1022 3574 1054 3616 u.
1074 3573 1100 3614 a.
1125 3552 1197 3631 nisi,

135 3663 194 3725 mit
218 3662 290 3725 dem
315 3662 383 3725 sive
405 3661 502 3724 leicht
525 3661 734 3724 verweohselt
756 3662 885 3724 werden
908 3662 1037 3727 konnte.

244 3840 270 3908 1)
288 3835 347 3895 ‘nec
365 3856 418 3893 non
437 3842 464 3892 et
483 3840 553 3893 sacri
571 3840 702 3894 monstrat
720 3855 814 3894 nemus
833 3840 947 3909 Argileti

289 3932 462 4002 Testatm·que
481 3933 568 3986 locum
588 3934 615 3985 ot
632 3930 716 3984 letum
736 3932 812 3987 docet
829 3933 944 4003 hospitis
964 3934 1046 4004 Argi'.

243 4025 271 4093 2)
290 4025 348 4079 cod.
368 4024 395 4078 F.
414 4019 612 4079 ‘contiscendo’.

242 4117 269 4182 3)
286 4115 318 4169 In
337 4132 424 4186 progr.
443 4118 461 4174 l.
480 4134 503 4176 c.
523 4134 547 4187 p.
567 4116 609 4170 23.
