2782 4614
660 289 717 350 122

160 475 297 537 iudicari
321 474 400 538 solet
426 481 460 536 ut
482 474 531 537 fas
555 480 612 551 est,
645 475 802 557 imprimis
834 492 851 536 e
883 472 989 556 figura
1017 494 1128 538 eorum
1152 476 1173 538 i.
1197 495 1224 539 e.

161 581 317 668 evece¹);
353 589 460 646 tamen
484 603 730 666 nonnunquam,
763 583 916 666 queniam
941 583 1009 646 sola
1031 583 1134 667 figura
1156 583 1226 647 falli

160 712 344 775 possumus
383 694 460 775 quid
495 693 675 776 significent
710 693 808 756 verba
843 697 874 755 et
904 684 1035 775 ‘genere
1064 692 1225 756 similiane

161 802 234 864 sint’
270 822 382 886 rogare
417 808 548 885 eportet.
606 803 709 866 Causa
732 822 818 877 vere,
851 822 909 865 eur
939 801 999 864 hee
1031 820 1225 884 quaeramus

161 916 312 993 oporteat,
334 911 443 974 verbis
458 911 637 976 illustratur
653 931 735 994 quae
751 916 841 975 suni:
864 903 964 993 ‘qued
990 930 1226 994 nonnunquam

160 1021 195 1081 in
218 1039 253 1083 re
277 1021 443 1084 dissimilis
466 1020 589 1104 figurae
611 1022 730 1084 formas
753 1020 959 1083 indissimiles
974 1021 1146 1103 imponunt
1162 1020 1226 1084 dis·

161 1127 290 1210 pariles⁷
327 1149 410 1210 quae
435 1151 492 1214 ego
516 1132 714 1196 restituenda
737 1150 808 1194 esse
831 1148 948 1192 censeo
973 1131 1033 1193 sic:
1060 1121 1161 1211 ‘quod
1185 1177 1192 1190 .
1217 1180 1224 1192 .

160 1238 195 1298 in
219 1237 317 1301 rebus
336 1240 454 1309 similis
473 1240 595 1324 figurae
614 1242 731 1304 formas
749 1238 949 1322 dissimilesi)
966 1240 1146 1321 imponunt,
1162 1237 1226 1301 dis-

161 1347 278 1427 pariles
312 1353 349 1411 ut
382 1349 480 1412 ealeei
512 1349 687 1413 muliebres
719 1351 784 1412 sint
817 1369 857 1411 an
891 1349 1000 1411 viriles
1024 1349 1161 1411 dicimus
1186 1348 1225 1409 ad

164 1455 407 1526 similitudinem
431 1457 554 1542 figurae
579 1511 584 1524 .
612 1459 629 1521 .'

268 1567 316 1628 Ae
351 1569 490 1650 primum
528 1570 659 1651 quidem
694 1570 817 1632 ealeeos
857 1570 917 1632 hoe
950 1569 1020 1631 loeo
1056 1566 1227 1649 dispariles

161 1677 313 1758 appellari
338 1679 431 1760 quasi
460 1697 590 1742 neeesse
626 1683 682 1760 est,
708 1684 744 1741 ut
775 1681 878 1760 primo
902 1678 1017 1741 obtutu
1047 1677 1227 1758 unicuique

161 1785 241 1849 alter
264 1787 419 1864 mulieris,
444 1789 524 1850 alter
547 1789 608 1851 riri
633 1808 701 1851 esse
726 1788 888 1865 videatur;
919 1787 1115 1850 conferimus
1139 1785 1227 1847 enim

164 1899 340 1978 utrumqne
363 1902 492 1959 etcum
516 1898 603 1959 virili
627 1904 658 1960 et
681 1917 756 1960 oum
777 1897 926 1960 muliebri
949 1896 1053 1959 ealeeo
1078 1913 1115 1957 ac
1138 1895 1227 1956 sirni-

160 2005 298 2069 litudine
321 2006 443 2091 figurae
466 2007 658 2070 adducimur
682 2015 719 2071 ut
753 2008 906 2088 dieamus,
941 2008 1029 2069 hune
1064 2023 1134 2067 esse
1157 2004 1229 2084 viri,

160 2115 253 2177 illum
276 2118 429 2198 mulieris,
453 2119 535 2180 ‘euin
559 2123 667 2181 tamen
689 2119 828 2181 sciamus
850 2134 1085 2197 nonnunquam
1101 2118 1134 2176 et
1155 2132 1228 2174 mu-

160 2224 270 2288 lierem
293 2226 411 2290 habere
427 2227 550 2290 calceos
569 2227 679 2290 viriles
703 2231 734 2289 et
757 2227 862 2289 virum
885 2223 1072 2289 muliebris’
1118 2222 1229 2286 Habe-

161 2354 233 2397 mus
256 2337 365 2418 igitur,
388 2338 560 2400 utiterum
577 2337 690 2416 diuam,
713 2355 730 2398 e
755 2334 961 2419 disparilibus
977 2333 1092 2396 calceis
1110 2351 1227 2407 unum,

166 2445 224 2526 qui
247 2445 344 2508 simili
367 2453 415 2509 est
437 2446 542 2529 figura
565 2465 601 2508 ae
620 2445 798 2542 muliebris³
814 2445 949 2508 alterum
974 2443 1026 2506 eui
1049 2439 1227 2505 similitudo

166 2574 265 2636 quam
287 2556 430 2617 maxima
453 2559 501 2618 est
524 2575 600 2619 euni
616 2556 716 2634 virili3
741 2575 801 2618 nee
816 2561 922 2617 tamen
948 2555 1006 2616 has
1028 2553 1088 2614 ‘res
1112 2550 1228 2613 similis

162 2663 296 2747 figurae'
330 2666 437 2728 statim
472 2666 603 2728 omnine
636 2666 758 2729 similes
793 2669 906 2748 putare
942 2662 1096 2726 debemus
1126 2661 1162 2740 (i.
1198 2680 1226 2723 e.

88 2787 93 2795 ’
162 2771 306 2838 calceum
339 2775 395 2857 qui
434 2775 599 2839 muliebris
638 2777 775 2852 videtur,
817 2772 982 2851 muliebri3
1027 2772 1085 2853 qui
1122 2770 1227 2833 virilis

160 2883 298 2964 videtur,
320 2885 407 2946 virili
420 2884 582 2970 similem),
600 2887 678 2967 quia
694 2903 788 2967 saepe
804 2884 947 2946 mulieris
964 2882 1069 2944 ealeee
1088 2881 1228 2944 formam

160 2993 296 3074 virilem,
319 2994 426 3058 calceo
449 2996 512 3057 viri
545 2993 734 3058 muliebrem
769 2993 905 3056 formam
939 2991 1061 3074 imponi
1094 2993 1185 3052 const
1205 2995 1226 3052 t.

161 3100 228 3165 Iam
253 3103 355 3183 vides,
377 3123 428 3167 me
451 3109 537 3167 reete
560 3105 751 3167 eorrexisse:
786 3105 830 3166 ‘in
852 3102 949 3166 rebus
966 3101 1079 3165 similis
1102 3099 1228 3182 figurae

160 3211 279 3274 formas
304 3212 475 3276 dissimiles
498 3212 700 3296 imponuni’P

268 3406 294 3475 1)
313 3405 403 3459 Verba
421 3421 489 3473 quae
508 3409 571 3459 sunt
589 3405 692 3474 'figura’
710 3407 737 3458 et
754 3404 855 3458 *ferina*
874 3405 901 3458 h.
920 3403 938 3458 l.
957 3404 995 3457 ita
1013 3402 1084 3454 inter
1103 3418 1131 3456 se
1150 3400 1229 3454 diffe-

161 3499 232 3565 runt,
252 3496 370 3550 utillud
389 3498 422 3551 ad
441 3500 581 3551 externam
600 3497 717 3564 speeiem
736 3495 814 3564 (quae
834 3495 921 3547 estin
937 3494 1109 3560 verbovox13
1130 3493 1181 3547 hoe
1195 3494 1231 3546 ad

161 3590 286 3643 effectum
306 3589 351 3641 vel
369 3589 590 3658 significationem
609 3589 749 3656 periineai.

269 3685 295 3746 2)
315 3680 514 3734 'indissimiles'
533 3680 600 3735 falso
622 3680 816 3748 scriptumest,
837 3695 900 3732 eum
919 3678 1003 3735 verbo
1017 3693 1086 3746 epus
1099 3679 1170 3730 esset
1181 3693 1234 3730 eon

160 3773 242 3825 bario
261 3771 302 3825 illi
322 3772 392 3842 quod
412 3771 479 3826 false
498 3773 628 3840 seriptum
648 3774 705 3824 erat
722 3770 889 3824 dissimilis.

623 4021 789 4055 Φ..
796 4033 826 4038 ...-
