2782 4614
665 295 812 378 63⁴

157 485 243 566 tat31)
276 489 309 548 111
339 485 432 548 libris
465 487 504 550 de
537 507 560 548 1.
591 507 614 548 1.
646 505 716 549 eam
751 484 890 550 ostendit
921 485 1012 549 locus
1048 486 1099 549 1110
1133 505 1221 549 unus

161 596 220 677 ΠΙ,
246 593 372 678 14,4:2)
407 591 545 656 ‘Genera
579 596 760 658 coclearum
788 603 865 658 sunt
886 595 990 678 plura,
1018 601 1056 658 ut
1079 596 1221 659 minutae

160 705 296 786 albulae,
322 722 405 787 quae
426 703 604 768 afferuntur
628 704 805 785 eReatinO,
829 711 860 767 et
882 706 1052 783 maximae,
1076 723 1159 785 quae
1183 705 1222 766 de

159 814 290 895 Illyrico
314 819 532 896 apportantur,
564 820 596 877 et
624 815 810 895 mediocres
842 833 926 896 quae
949 834 990 878 ex
1014 813 1125 877 Africa
1148 813 1222 876 affe-

160 928 287 987 runtur.
333 921 406 985 Non
432 943 496 1005 quo
520 942 585 987 non
608 924 644 984 in
659 923 710 985 his
725 923 913 1006 regionibus
933 923 1128 1005 quibusdam
1143 924 1222 987 locis

161 1051 216 1096 eae
239 1031 519 1115 magnitudinibus
543 1034 606 1096 sint
630 1032 810 1114 dispariles:
836 1053 911 1095 nam
936 1038 968 1096 et
990 1033 1083 1096 valde
1099 1033 1222 1115 amplae

163 1147 240 1205 sunt
264 1160 459 1224 quamquam
483 1161 525 1204 ex
548 1142 667 1219 Africa,
692 1161 774 1223 quae
797 1151 955 1205 vocantur
978 1139 1173 1206 solitannae'.

268 1250 331 1315 Pro
371 1250 591 1333 ‘quamquam’
629 1251 792 1315 Gesnerns
827 1251 932 1315 ‘Puto'
968 1254 1074 1335 inquit
1109 1245 1223 1315 ‘fuisse

162 1359 466 1443 ‘quemadmodum’.
508 1367 593 1424 certe
628 1362 667 1449 τῇ
701 1381 899 1444 quamquam
939 1363 995 1443 qui
1028 1362 1118 1425 locus
1154 1380 1224 1425 esse

162 1471 271 1553 possit,
293 1488 359 1531 non
384 1469 496 1532 video.‘

268 1576 336 1641 Nos
360 1579 399 1642 de
422 1581 574 1644 hocloco
598 1581 644 1643 sic
667 1581 857 1642 iudicamus.
889 1581 953 1666 Ac
983 1582 1124 1662 primum
1155 1581 1224 1663 qui-

163 1688 235 1752 dem
258 1688 320 1751 sibi
343 1689 425 1754 velle
450 1691 600 1753 videntur
615 1688 712 1752 verba
726 1689 801 1752 hoc:
828 1686 1041 1772 ‘Quamquam
1059 1708 1101 1752 ex
1116 1688 1225 1751 Africa

162 1799 229 1861 fere
251 1798 429 1861 mediocres
453 1796 639 1880 afferuntur,
662 1805 770 1861 tamen
795 1818 878 1881 quae
902 1799 992 1878 (inde
1015 1800 1116 1880 ortae)
1150 1799 1226 1862 soli-

163 1911 281 1970 101110
304 1911 469 1988 vocantur,
487 1907 580 1971 valde
604 1908 727 1990 amplae
744 1907 839 1972 sunt'.
888 1906 958 1983 Quo
974 1909 1008 1970 iu
1025 1928 1124 1972 sensu
1139 1908 1226 1971 haud

162 2018 228 2080 scio
252 2037 294 2079 au
312 2016 392 2078 nihil
416 2017 458 2078 sit
481 2015 648 2080 offensioni
672 2037 778 2100 neque
804 2019 900 2080 etiam
923 2018 958 2080 in
982 2037 1018 2081 00
1036 2018 1122 2100 quod
1147 2017 1225 2080 haec

164 2126 323 2210 particula
357 2125 494 2208 olliptice
528 2127 563 2188 in
598 2147 662 2190 usu
694 2132 851 2190 versatur.
909 2125 993 2189 Nam
1030 2146 1227 2209 quamquam
1338 2111 1341 2116 ’

156 2255 309 2302 ,excursu
332 2255 351 2297 a
373 2233 521 2297 Madvicc
547 2234 587 2296 ad
612 2234 774 2299 Ciceronis
798 2235 837 2298 de
860 2234 982 2298 finibus
1005 2235 1103 2299 libros
1119 2254 1148 2318 p.
1163 2234 1225 2296 726

165 2346 293 2428 egregie
324 2343 407 2407 facto
432 2349 564 2424 constat,
593 2343 778 2408 Ciceronem
810 2346 893 2408 hanc
924 2344 1114 2430 particulam
1147 2343 1228 2408 ‘sine

166 2454 265 2518 verbo
289 2473 362 2516 cum
388 2454 544 2517 adiectivo
568 2455 775 2538 participiove
798 2459 854 2518 ant
876 2454 1028 2518 adverbio
1053 2453 1228 2517 vocibusve

166 2582 224 2646 pro
248 2562 400 2625 adverbio
433 2565 545 2646 positis
579 2583 747 2647 nunquam
784 2564 1002 2628 coniunxisse’
1039 2569 1135 2647 atque
1169 2563 1228 2626 hoc

166 2672 253 2735 idem
276 2691 342 2735 uon
366 2671 470 2735 solum
495 2672 534 2735 de
559 2671 720 2751 Cicerone,
755 2674 809 2737 sed
835 2676 930 2737 etiam
954 2674 994 2736 de
1018 2675 1088 2737 eius
1112 2692 1229 2754 aequa-

159 2779 254 2870 libus
278 2781 393 2863 valere,
416 2785 524 2844 tamen
547 2781 592 2861 (id
616 2783 704 2864 quod
726 2801 768 2845 ex
792 2783 903 2846 eodem
928 2801 1069 2846 excursu
1093 2801 1228 2864 cognos-

166 2889 286 2961 cimus)
310 2894 341 2953 01
364 2890 451 2973 apud
475 2889 662 2953 Ciceronem
695 2896 727 2954 01
750 2892 835 2974 apud
859 2897 980 2956 0010100
1013 2911 1125 2956 omnes
1153 2893 1230 2954 scri-

166 3003 273 3081 ptores
297 2999 357 3062 hae
379 2999 556 3082 particulae
580 3002 784 3064 concessivae
809 3021 902 3084 saepe
925 3003 970 3064 ita
991 3005 1159 3085 ponuntur
1180 3001 1230 3064 ‘ut

167 3108 199 3170 id
236 3109 323 3191 quod
357 3107 534 3171 subiciatur
568 3128 643 3173 cum
676 3129 713 3173 eo
738 3111 825 3193 quod
848 3112 1044 3174 contrarium
1070 3119 1231 3195 sequatur,

167 3235 339 3281 commune
355 3217 491 3282 verbum
506 3217 641 3282 habeat’.
672 3219 787 3304 Itaque
805 3220 995 3303 particulam
1012 3219 1230 3303 ‘quamquam’

275 3391 301 3458 1)
326 3391 379 3457 Qui
401 3392 477 3448 locus
501 3396 543 3448 cst
566 3394 595 3446 in
618 3394 696 3449 libris
721 3396 753 3448 de
776 3396 795 3455 1,
813 3394 831 3452 1,
857 3394 918 3464 VII,
944 3394 1038 3462 §109,
1063 3412 1089 3462 p.
1107 3394 1169 3463 388,
1192 3395 1231 3448 ibi

166 3477 348 3552 ‘quamquam'
368 3472 423 3538 iain
444 3485 477 3538 ab
496 3485 614 3554 antiquis
632 3485 779 3539 editoribus
797 3487 869 3538 10010
888 3487 1022 3538 mutatum
1041 3486 1121 3539 estin
1140 3479 1230 3555 ‘quam

168 3574 258 3642 quod’.

276 3664 303 3734 2)
322 3665 432 3720 Codices
450 3668 521 3722 hanc
539 3665 697 3736 particulam
717 3669 818 3722 habent
836 3669 917 3722 etiam
935 3668 971 3735 Π,
990 3669 1015 3736 5,
1036 3668 1078 3736 10,
1098 3668 1231 3722 editiones

161 3749 259 3825 ·‘quam
284 3756 351 3826 qui’:
1115 3751 1120 3757 ’
1232 3795 1234 3799 >

276 3850 357 3917 ‘quod
381 3866 411 3903 eo
436 3848 521 3917 magis
544 3850 583 3918 fit,
608 3851 680 3918 quod
704 3849 758 3904 albi
781 3850 810 3902 in
830 3849 908 3904 Italia
933 3866 987 3904 non
1006 3854 1060 3905 tam
1079 3851 1232 3918 frequentes

168 3953 251 4006 quam
285 3939 333 4008 qui
366 3940 395 3992 in
424 3941 537 3995 Thracia
568 3941 602 3995 ad
631 3939 727 3995 aulana
756 3937 862 4009 adiaco,
886 3942 934 3995 ubi
958 3941 1010 3997 alio
1029 3941 1116 3996 colore
1134 3942 1232 4010 pauci)

169 4027 314 4082 delendum
327 4047 386 4086 asse
399 4031 513 4085 altarum
531 4031 630 4102 ‘quam'
649 4048 680 4086 ac
694 4031 849 4086 sribendurn
868 4036 957 4104 ‘qnam
976 4034 1005 4087 in
1017 4032 1139 4087 Thracia'
1158 4035 1231 4087 reete

168 4119 245 4174 iubet
262 4120 369 4176 Kailios
387 4123 406 4184 1,
426 4141 448 4183 c.
469 4141 495 4192 p.
514 4125 557 4178 53.
