2782 4614
681 303 722 367 83

168 487 373 570 supellectile,
397 487 547 550 distincta
571 510 653 571 quae
676 497 759 554 esset
782 509 823 553 ex
846 491 951 572 ebore,
975 493 1112 577 aliisque
1132 496 1230 560 rebus

169 596 350 678 disparibus
374 595 497 679 figuris,
522 619 618 680 quam
642 599 802 683 grabatis'.

275 705 338 768 Sed
363 703 521 788 ‘aliisque'
553 709 587 769 in
619 711 746 792 optimis
770 710 997 791 manuscriptis
1027 711 1182 791 quisunt
1206 711 1230 773 M

168 822 199 878 et
221 815 263 896 H,
288 816 388 893 deest3
413 817 448 877 in
471 815 655 881 Florentino
679 824 788 881 autem
811 819 895 881 inter
926 819 1024 881 verba
1048 819 1165 882 ‘ebore'
1199 827 1230 883 et

168 923 286 987 ‘rebus’
326 927 465 1005 spatium
502 931 654 1008 quattuor
690 928 870 991 litterarum
906 929 1126 992 intermissum
1159 949 1229 993 esse

168 1033 320 1096 Grothius
346 1034 436 1098 docet
459 1036 477 1097 l.
503 1055 528 1097 0.
552 1057 580 1119 p.
604 1035 657 1100 49.

270 1143 309 1204 ln
333 1146 429 1207 certis
452 1145 671 1208 locutionibus
708 1147 816 1209 locum
850 1147 946 1209 habet
978 1145 1136 1228 particula
1158 1146 1225 1208 his:

166 1252 207 1327 V,
233 1253 251 1333 ᾗ
276 1254 328 1328 87,
353 1273 381 1335 p.
409 1256 448 1316 90
474 1253 582 1339 (opera
607 1256 834 1337 consilioque),
872 1255 961 1331 Vlll,
987 1257 1005 1336 ξ
1031 1253 1081 1329 23,
1106 1276 1136 1338 p.
1162 1254 1226 1318 408

165 1362 296 1443 (Graeci
318 1361 514 1446 Latinique),
540 1362 612 1448 Ἓξ
631 1366 680 1442 99,
705 1385 733 1447 p.
752 1364 815 1426 102
834 1367 877 1427 in.
902 1371 1015 1441 (noctu
1037 1363 1226 1447 lucuquellt.

164 1472 204 1553 V,
230 1474 248 1554 ᾗ
275 1472 347 1552 153,
379 1493 407 1554 p.
437 1474 499 1534 153
524 1493 541 1535 e
564 1474 696 1556 vulgata
727 1474 864 1536 lectione
896 1476 1095 1557 scripserunt
1126 1473 1226 1556 Spen-

164 1583 268 1664 gelius
297 1589 328 1645 et
362 1581 538 1645 Muellerus
574 1583 693 1665 ‘pinnis
728 1583 955 1665 turribusque',
990 1583 1047 1646 ubi
1082 1585 1227 1645 omnium

166 1693 455 1774 manuscriptorum
478 1693 756 1774 plurimarumque
776 1697 922 1755 veterum
938 1692 1225 1756 editionumlectio

163 1807 225 1863 est:
252 1801 350 1882 ‘quod
373 1822 391 1863 a
415 1804 516 1864 muris
539 1799 690 1884 partem2)
705 1803 813 1883 pinnis
836 1802 980 1865 turribus
1005 1803 1060 1883 qui
1083 1821 1226 1865 carceres

164 1911 240 1973 olim
263 1910 416 1974 fuerunt'.

268 2019 310 2083 Et
332 2023 507 2085 verisimile
530 2028 578 2084 est
600 2040 657 2103 pro
682 2020 759 2102 ‘qui'
783 2022 818 2082 in
835 2020 999 2084 codicibus
1014 2021 1113 2082 fuisse
1130 2018 1225 2101 ‘que'.

162 2135 270 2192 tamen
307 2131 346 2192 de
380 2136 446 2193 toto
469 2131 530 2192 hoc
557 2131 626 2193 loco
660 2131 818 2192 sententia
852 2130 931 2190 mihi
955 2135 1016 2192 stat
1038 2148 1104 2191 non
1128 2134 1223 2192 certa.

161 2237 232 2301 Hoc
256 2259 332 2302 vero
356 2242 464 2316 miror,
491 2241 575 2322 quod
600 2259 659 2302 nee
684 2238 859 2301 Muellerus
892 2257 951 2301 nec
974 2238 1166 2322 Spengelius
1190 2239 1224 2299 in

162 2347 302 2411 ablativo
325 2351 577 2413 insolentissime
600 2351 702 2431 posito
727 2347 866 2410 offendit.

270 2457 364 2521 Unus
388 2460 440 2521 hic
463 2460 552 2522 locus
576 2459 702 2522 alienus
738 2463 786 2520 est
809 2460 974 2520 aratione
1007 2477 1118 2520 eorum
1143 2476 1224 2538 quos

161 2566 332 2648 bucusque
367 2570 699 2647 commemoravimus,
732 2566 792 2646 IX,
818 2567 845 2647 ξ
871 2569 921 2648 33,
953 2588 982 2649 p.
1007 2568 1072 2628 479
1103 2568 1146 2628 in.
1172 2565 1224 2642 l‘si

163 2677 235 2757 quis
258 2677 375 2740 viderit
398 2678 551 2740 mutilum
576 2677 689 2739 bovem
723 2682 779 2739 ant
801 2677 928 2738 luscum
951 2676 1115 2738 hominem
1139 2675 1224 2736 elau-

162 2784 387 2867 dicantemque
411 2786 563 2868 equum’).
612 2785 674 2860 uui
708 2790 815 2848 autom
840 2785 920 2847 alter
942 2785 1113 2848 huiusdem
1137 2783 1224 2846 modi

160 2893 251 2956 locus
275 2901 323 2957 est
345 2895 385 2972 V,
411 2897 429 2976 ξ
455 2896 505 2977 74,
529 2917 557 2979 p.
584 2897 632 2958 79.
660 2914 734 2958 eum
763 2914 837 2957 cum
861 2891 1032 2977 Hauptio3)
1064 2900 1142 2978 puto
1166 2895 1223 2955 vix

161 3022 231 3065 esse
265 3004 477 3068 dubitandum
511 3007 590 3088 quin
614 3005 718 3068 Varro
751 3024 793 3068 ex
816 3002 914 3065 Ennii
943 3005 1112 3067 annalibus
1136 3024 1223 3067 sum·

160 3113 243 3174 serit.

265 3222 402 3305 Reliqua
432 3223 528 3286 huius
560 3225 686 3307 generis
721 3225 867 3307 exempla
901 3243 983 3306 quae
1016 3225 1067 3286 vel
1099 3243 1116 3285 e
1148 3243 1222 3286 con-

158 3332 281 3395 iectura
303 3334 355 3395 vel
379 3353 396 3395 e
420 3334 556 3396 lectione
576 3333 730 3395 librorum
753 3334 837 3396 hanc
855 3333 1044 3415 particulam
1060 3331 1223 3414 praebent,

159 3443 267 3504 omnia
291 3443 454 3505 emendari
479 3447 609 3524 oportet.
655 3442 769 3523 ltaque
793 3442 831 3519 V,
864 3442 882 3522 ξ
910 3441 982 3522 170,
1010 3461 1038 3522 p.
1065 3441 1137 3519 171,
1165 3440 1222 3502 ubi

267 3671 292 3739 1)
313 3670 357 3724 Sic
377 3686 391 3722 0
412 3671 479 3723 coni.
500 3670 624 3734 Muelleri
643 3687 723 3739 quam
742 3687 791 3740 ego
810 3671 908 3738 optime
927 3671 1025 3725 factam
1044 3684 1103 3722 esse
1121 3668 1220 3722 iudice.

158 3761 268 3816 Tradita
292 3764 356 3815 sunt
385 3762 465 3815 haec:
496 3762 664 3815 ‘noctulucus
691 3762 719 3814 in
748 3761 885 3827 custodia’,
914 3778 982 3830 quae
1009 3776 1057 3829 ego
1083 3764 1140 3813 orta
1163 3775 1221 3812 0000

158 3857 223 3924 puto
242 3869 257 3906 0
276 3854 394 3922 genuina
416 3853 531 3908 lectione
550 3855 590 3907 010
608 3855 720 3921 scripta:
745 3852 906 3922 ‘lucusjnjn'3
926 3885 960 3892 -
980 3853 1019 3906 De
1038 3853 1122 3907 forma
1142 3851 1220 3904 'lucu‘

158 3946 223 3998 ride
242 3945 373 3998 Haasium
392 3947 421 3998 in
440 3945 554 4012 Reisigii
572 3945 672 3999 scholis
691 3947 705 4013 ξ
726 3946 777 3999 133
796 3962 821 3998 n.
841 3943 901 3997 243.

266 4038 292 4105 2)
311 4035 434 4104 Mueller,
454 4038 496 4090 ‘ad
514 4038 585 4090 muri
603 4054 624 4105 sp
636 4037 738 4091 eciem'.

266 4129 293 4196 3)
313 4127 411 4197 Opuso.
430 4129 478 4196 ΙΠ,
499 4147 523 4198 p.
544 4130 595 4184 355
615 4146 654 4198 sq.
