2782 4614
667 238 709 302 58

79 484 81 489 .
158 427 274 508 venitl)
297 430 337 492 ad
361 427 493 492 lanium’
516 428 559 509 11,
584 426 648 500 7,8
682 427 806 504 ‘Quoad
838 429 916 491 satis
948 429 990 492 sit
1012 428 1148 509 admitti,
1174 429 1223 512 ip·

30 576 33 583 =
160 557 213 602 sae
237 537 419 621 significant
442 539 530 621 quod
553 556 587 601 se
612 534 835 622 defendunt’.2)

249 647 390 712 Tertium
415 647 542 711 duobus
565 647 615 709 his
638 645 717 708 locis
741 646 875 709 adiciam
896 647 991 710 euius
1015 645 1142 710 Keilius
1169 665 1226 710 ne·

161 757 227 821 scio
252 777 317 840 qua
347 756 386 820 de
418 775 513 819 causa
543 757 742 819 mentionem
772 775 837 819 non
860 755 978 820 fecerit.
1028 755 1113 819 Nam
1138 755 1225 838 quod

160 866 331 930 Politanus
364 865 494 929 exhibet
525 864 567 944 Π,
591 867 621 947 2,
639 865 678 927 17
712 865 810 947 ‘quod
844 864 902 945 ad’,
935 865 1126 929 mutandum
1155 883 1226 929 esse

162 980 412 1040 consentaneum
437 979 492 1039 est.
537 974 646 1038 Verba
669 976 757 1037 enim
789 974 835 1037 ibi
868 974 1024 1058 leguntur
1046 974 1139 1038 haec:
1173 973 1256 1038 ‘Et'

162 1087 209 1149 sic
232 1085 437 1148 nutricantur
461 1084 547 1166 quod
572 1085 712 1148 adfecti
735 1089 813 1147 sunt
829 1083 1103 1166 quadrimestres.’
1150 1083 1226 1147 lure

161 1195 262 1279 igitur
289 1191 543 1280 Lachmannus3)
577 1194 689 1258 scribit
713 1193 853 1276 ‘quoad',
889 1214 970 1278 quae
992 1193 1150 1278 particula
1185 1212 1227 1256 ex

163 1303 386 1367 observatione
408 1304 464 1366 illa
487 1303 636 1367 Keiliana
659 1305 792 1368 forsitan
814 1305 933 1367 iterum
963 1304 1082 1366 mutari
1113 1301 1228 1366 debeat

161 1415 196 1475 in
222 1411 356 1495 ‘quaadi

274 1520 346 1583 Non
379 1523 585 1604 restituenda,
618 1522 673 1585 sed
704 1523 810 1605 potius
834 1523 993 1586 movenda
1021 1527 1070 1586 est
1098 1519 1228 1604 ‘quoad'

163 1631 321 1715 particula
343 1631 414 1693 loco
439 1632 495 1713 qui
518 1635 566 1694 est
588 1630 614 1712 Ι,
639 1632 667 1712 9,
685 1632 718 1710 53
744 1650 840 1713 quem
863 1631 970 1694 locum
995 1632 1150 1713 quoniam
1164 1651 1229 1694 ¹su·

105 1738 108 1743 ’
165 1761 223 1824 pre
247 1725 485 1823 descripsimus,
514 1741 658 1804 nuncid
682 1761 787 1805 unum
818 1742 995 1824 repetimus
1019 1741 1230 1804 scribendum

164 1869 234 1915 esse
259 1849 358 1932 ‘quod
382 1849 440 1913 ad'.
486 1848 608 1913 Eadem
633 1850 823 1933 expellenda
848 1855 895 1913 est
919 1869 936 1913 e
956 1849 1053 1913 Keilii
1070 1851 1232 1914 sententia

165 1960 235 2023 loco
261 1960 317 2042 qui
340 1962 389 2022 est
410 1958 469 2040 111,
495 1960 523 2036 1,
541 1959 597 2038 103
627 1977 724 2041 quern
747 1959 854 2022 locum
888 1958 1044 2023 editiones
1075 1961 1122 2023 sio
1153 1960 1230 2022 scri·

121 2120 129 2137 .
167 2069 260 2132 bunt:
287 2067 366 2151 ‘Ego
392 2087 530 2151 quoque,
554 2088 618 2150 quo
642 2070 783 2132 ornatior
813 2088 850 2133 ea
881 2088 952 2132 esse
981 2074 1090 2153 posset
1121 2069 1231 2132 fructu

166 2197 265 2260 quam
287 2177 384 2260 factu,
409 2179 514 2260 quoad
536 2178 641 2242 facere
664 2198 800 2262 possem,
821 2178 900 2242 haec
923 2178 963 2241 ad
987 2184 1018 2243 te
1033 2181 1107 2244 misi
1125 2198 1232 2243 recor-

166 2287 259 2351 datus
284 2287 323 2350 de
346 2306 384 2350 ea
406 2307 442 2351 re
467 2306 631 2352 sermones
655 2307 736 2370 quos
760 2288 798 2351 de
813 2288 890 2352 villa
908 2288 1047 2372 perfecta
1062 2287 1232 2352 habuisse·

165 2396 260 2460 mus'
308 2394 379 2471 Qua
409 2397 445 2458 in
477 2396 612 2461 lectione
639 2394 791 2480 Keilius4)
827 2397 1089 2481 ‘Ineptissimum’
1123 2399 1231 2480 inquit

168 2505 210 2569 ‘et
231 2523 266 2568 re
290 2510 321 2568 et
343 2524 490 2569 sermone
513 2506 600 2569 istud
625 2505 734 2589 ‘qnam
755 2506 863 2588 factu',
893 2528 951 2591 pro
983 2527 1046 2590 quo
1080 2527 1154 2571 cum
1177 2526 1231 2571 cc·

168 2614 254 2678 dices
272 2614 413 2678 habeant
437 2614 535 2698 ‘quod
556 2615 655 2679 faotu’
679 2621 711 2679 et
734 2615 850 2680 deinde
874 2615 983 2699 ‘quod'
1007 2636 1065 2701 pro
1094 2615 1231 2714 ’quoad'

169 2726 242 2809 quis
265 2745 331 2789 non
354 2725 442 2788 videt
473 2725 675 2789 oscitantiam
704 2724 827 2789 librarii
858 2725 945 2788 idem
976 2724 1028 2788 bis
1057 2725 1231 2808 ponentis?

169 2835 381 2901 Scribendum
405 2835 518 2918 igitur:
551 2833 627 2917 ‘quo
655 2836 798 2898 ornatior
828 2854 866 2916 ea
890 2853 959 2898 esse
986 2847 1091 2918 posset
1114 2834 1234 2917 fructu,

169 2946 255 3028 quod
277 2945 381 3008 facere
403 2943 541 3027 possem⁷
565 2944 619 3007 cfr.
644 2942 730 3007 Cato.
755 2946 810 3007 32:
837 2944 934 3028 ‘quod
957 2945 1027 3008 eius
1050 2943 1153 3006 lacere
1176 2961 1234 3026 po-

169 3054 256 3119 teris'
281 3053 366 3117 Cato.
392 3055 447 3116 33:
474 3053 570 3136 ‘quod
594 3056 664 3118 eius
687 3042 864 3136 poteris’.5)‘

276 3163 346 3226 Iarn
369 3183 528 3226 summam
552 3162 705 3226 facientes
734 3164 909 3247 imaginem
932 3164 1032 3228 huius
1055 3162 1235 3248 particulae

170 3275 389 3357 exprimemus
412 3275 512 3337 hanc:

612 3357 634 3444 ll
660 3360 779 3431 ssuoad.

281 3449 330 3514 De
357 3451 377 3514 l.
400 3451 434 3514 1.;
474 3449 512 3530 V,
542 3451 621 3533 §15
654 3452 773 3533 (usque
802 3499 808 3512 .
836 3500 842 3514 .
875 3447 994 3533 quoad)
1029 3470 1054 3515 c.
1087 3470 1133 3535 pr.
1161 3449 1233 3516 ind.

168 3559 364 3567 .-.---.--

278 3610 304 3680 1)
323 3603 484 3664 ‘Perveniat'
509 3607 581 3676 quod
609 3606 736 3660 exhibent
760 3608 900 3675 editiones,
923 3610 995 3662 reete
1018 3607 1135 3662 mutarit
1161 3605 1235 3660 Keil.

192 3704 231 3755 ,4
267 3721 293 3758 n.

172 3720 189 3772 p
232 3703 250 3758 Ο
324 3793 447 3847 Fortasse
464 3790 637 3845 scribendum
655 3794 696 3844 est
713 3785 844 3861 ‘quand0’.

277 3794 305 3954 ἐξ
324 3885 366 3938 Ad
384 3884 463 3937 Luor.
481 3883 515 3952 V,
536 3885 612 3939 1033.

276 3978 304 4046 4)
323 3976 341 4029 l.
359 3992 381 4030 o.
400 3992 424 4043 p.
442 3975 485 4030 40.

279 4069 306 4138 5)
326 4068 373 4122 cfr.
392 4066 500 4120 Jordan.
518 4067 604 4135 symb.
624 4068 681 4119 orit.
699 4084 723 4135 p.
742 4067 802 4123 338.
