2782 4614
684 279 724 342 ‘dl

160 465 218 550 (H,
247 466 273 545 l,
298 467 357 543 ⁵227,
385 467 478 547 ino
506 502 545 510 --
570 465 628 541 Ill,
655 468 682 543 ῖ,
709 467 741 547 ὅ)
764 467 814 530 his
837 467 928 530 libris
952 468 1141 551 expellenda
1156 488 1225 532 esse

160 577 321 656 ridentur,
358 596 393 639 ea
431 596 496 638 uno
530 575 589 638 hoc
626 577 695 637 loco
730 577 848 658 legitur
872 576 913 656 II,
951 577 978 656 1,
1014 579 1032 639 3
1066 597 1167 661 eaque
1190 580 1225 641 in

159 687 297 749 formula
322 704 405 769 quae
430 691 478 747 est
498 676 581 747 ‘sive
605 723 647 728 —
672 684 760 748 sive'.
807 685 908 748 Plane
940 687 1041 768 igitur
1067 688 1154 750 idem
1177 698 1226 751 est

154 772 459 877 ¹buiuspartioulae
492 813 573 856 usus
606 793 754 857 inlibris
788 795 827 857 de
850 816 875 857 r.
900 816 922 857 r.
950 815 1047 878 quem
1077 798 1111 859 in
1134 797 1225 861 libris

161 906 199 969 de
224 907 242 967 l.
266 907 285 967 l.
310 903 590 984 observavimus¹l

267 1012 448 1076 Particulae
484 1033 566 1096 quae
601 1019 648 1077 est
681 1014 790 1099 ltaque
823 1033 889 1076 non
931 1019 1033 1078 totum
1069 1015 1225 1081 Varronis

162 1143 255 1186 usum
282 1142 453 1206 exponam,
477 1123 533 1185 sed
558 1143 595 1185 ea
619 1129 744 1187 tantum
769 1125 916 1206 exempla
935 1125 1125 1190 examinabo
1143 1147 1225 1210 quae

163 1234 261 1296 altero
286 1252 356 1295 eam
380 1233 449 1295 loeo
473 1234 608 1315 positam
633 1231 764 1295 habent:
802 1252 885 1315 quae
909 1235 1026 1310 omnia,
1059 1238 1226 1299 utstatim

161 1343 321 1423 meamde
347 1344 386 1405 iis
404 1344 594 1404 sententiam
613 1342 780 1425 proferam,
804 1342 957 1405 mendosa
980 1362 1050 1407 esse
1067 1346 1225 1408 existimo.

162 1453 245 1515 Sunt
269 1458 376 1514 autem
400 1452 491 1514 haee:
517 1450 576 1528 IX,
602 1449 620 1535 ξ
645 1452 696 1532 ll,
720 1473 748 1535 p.
773 1453 837 1514 485
863 1455 918 1534 qui
942 1453 1034 1514 loeus
1057 1453 1155 1534 vulgo
1180 1453 1226 1515 sio

160 1561 290 1643 legitur:
325 1551 391 1623 ‘Sio
415 1561 477 1622 diei
501 1562 607 1623 virum
630 1560 832 1645 Perpennam
857 1566 892 1624 ut
910 1559 1119 1645 Alphenam2)
1154 1582 1226 1624 mu-

162 1669 254 1733 liebri
277 1671 388 1747 forma,
423 1675 454 1734 et
489 1675 600 1733 contra
623 1673 776 1754 parietem
811 1677 847 1733 ut
870 1670 1005 1735 abietem
1030 1689 1100 1734 esse
1123 1670 1226 1732 forma

104 1781 107 1786 ’
162 1782 307 1859 similem,
337 1799 412 1842 oum
436 1781 571 1843 alterum
594 1780 790 1844 vocabulum
816 1781 941 1843 dicatur
964 1781 1065 1858 virile,
1089 1780 1227 1843 alterum

162 1890 326 1968 muliebre,
363 1898 394 1952 et
423 1895 595 1971 utrumque
627 1895 741 1954 natura
764 1895 928 1953 neutrum.
976 1890 1028 1953 Sio
1054 1892 1165 1972 itaque
1190 1909 1227 1952 ea

161 2001 267 2061 virilia
299 2000 445 2080 dicimus
470 2019 534 2062 non
559 2019 641 2082 quae
658 2001 764 2062 virum
789 1999 979 2083 significant,
1016 1999 1071 2063 sed
1107 1998 1226 2082 quibus

162 2110 370 2191 proponimus
403 2107 466 2171 Hio
501 2116 532 2170 et
555 2108 608 2187 Hi,
646 2117 677 2172 et
710 2111 755 2172 sio
778 2108 956 2190 muliebria,
979 2112 1014 2171 in
1039 2108 1156 2191 quibus
1180 2108 1226 2170 di-

163 2236 233 2280 cere
256 2219 418 2299 possimus
441 2217 531 2280 Haeo
555 2225 609 2280 aut
623 2218 725 2282 ,Hael
885 2204 887 2208 ⁸

270 2325 446 2390 Offensioni
482 2328 510 2389 b.
546 2328 565 2390 l.
591 2333 639 2391 est
670 2320 813 2410 ‘itaque',
848 2328 945 2390 altero
976 2328 1045 2389 loco
1073 2329 1224 2410 positum,

163 2436 278 2498 deinde
300 2439 334 2498 in
358 2436 623 2518 praecedentibus
647 2436 754 2500 verbis
779 2456 862 2519 quae
887 2442 963 2500 sunt
983 2428 1069 2498 ‘oum
1089 2437 1226 2500 alterum

162 2545 356 2608 vocabulum
381 2547 506 2609 dicutur
529 2546 631 2624 virile,
655 2546 790 2608 alterum
807 2545 973 2626 muliebre,
997 2551 1028 2608 et
1047 2550 1225 2629 utrumque

162 2661 278 2718 natura
302 2655 463 2719 neutrum*
498 2655 583 2739 quod
615 2674 813 2738 opponamus
838 2653 935 2717 verbo
956 2648 1117 2734 ‘dicatur’,
1149 2655 1225 2718 sub-

163 2766 339 2827 stantivum
364 2764 498 2828 verbum
524 2764 753 2828 desideramus.
800 2762 893 2837 Quod
924 2763 1088 2826 lenissima
1120 2769 1226 2826 muta-

162 2877 248 2938 tione
271 2876 436 2958 reponitur
459 2875 518 2938 sio:
550 2866 639 2936 ‘oum
672 2874 808 2936 alterum
840 2871 1035 2936 vocabulum
1071 2845 1226 2935 dloatur
1269 2850 1273 2857 ’

163 2987 264 3066 virile,
295 2986 430 3047 alterum
463 2981 629 3064 muliebre,
661 2988 692 3045 et
726 2988 897 3064 utrumque
930 2987 1046 3044 natura
1071 2967 1226 3045 neutrum

162 3097 228 3158 sit.
277 3091 503 3176 Itaque...’.

270 3202 327 3284 IX,
361 3204 455 3285 gli,
489 3223 517 3284 p.
556 3205 620 3265 489
654 3203 809 3266 editiones
844 3202 963 3264 multae
995 3201 1040 3264 sio
1064 3199 1226 3263 scribunt:

158 3307 225 3376 ‘Ad
250 3333 330 3395 quae
356 3314 425 3376 dieo
451 3333 513 3374 non
540 3312 818 3376 dissimilitudines
843 3329 971 3392 quoque
996 3311 1105 3390 sequi,
1131 3327 1228 3391 saepe

165 3559 333 3628 potissimum
353 3559 556 3612 conuuerrdatur
584 3559 654 3626 quod
682 3557 822 3626 sequentia
841 3572 945 3624 quoque
974 3554 1112 3608 enuntiata
1130 3569 1146 3607 a
1164 3570 1228 3623 pan·

161 3651 245 3703 tioula
264 3651 302 3704 'si’
323 3651 472 3704 ordiuntur.

271 3743 297 3810 ll
321 3743 396 3808 Quod
422 3740 504 3809 vulgo
531 3740 689 3793 inscribitur
717 3740 760 3792 ‘ll
789 3737 894 3792 Terenti
921 3736 1051 3790 Varronis
1077 3735 1225 3803 imaginum

162 3835 220 3887 sive
238 3834 435 3887 hebdomadum
454 3832 522 3885 libri'
543 3832 571 3883 id
590 3848 644 3884 non
662 3833 735 3884 recte
753 3814 865 3882 inscribi
884 3828 1017 3883 existimo.
1037 3860 1070 3867 -
1089 3828 1121 3880 In
1140 3829 1227 3892 gemi-

162 3927 205 3978 nis
224 3925 438 3993 logistorioorum
450 3923 672 3993 inscriptionibus
684 3922 751 3975 haec
765 3919 894 3992 particula
906 3935 1054 3987 numquam
1065 3919 1163 3974 tradita
1175 3922 1224 3973 est.

269 4017 296 4081 2)
315 4015 359 4069 Sio
376 4015 534 4069 Muellerus:
556 4018 619 4066 ‘Aut
638 4011 750 4084 plenam*
772 4011 847 4067 redd.
867 4014 931 4080 ,Aut
948 4010 979 4066 P.
993 4009 1120 4065 Laenam‘
1140 4010 1225 4080 Spen-

127 4087 572 4176 'mfflmmffll

1046 4207 1061 4259 7
