2782 4614
571 313 573 318 -
700 267 721 330 4

178 460 303 522 invenit
335 459 386 520 vir
403 458 714 541 ‚praestantissimus
745 454 968 523 Ferdinandus
1002 459 1163 524 Handius.
1209 461 1243 524 Is

180 571 266 633 enim
299 566 509 648 ‘Auctorem’,
545 567 661 649 inquit,
700 566 863 631 ‘idoneum
885 571 1085 652 grammatici
1108 570 1244 633 afferunt

178 679 367 759 Varronem,
402 677 459 758 qui
494 677 620 759 saepius
654 695 723 739 nec
758 696 833 739 non
867 698 923 761 pro
959 684 995 742 et
1031 682 1243 763 usurpaverit.

179 788 239 851 Ille
274 788 360 850 enim
394 787 430 847 in
464 785 554 848 libris
590 785 628 847 de
655 805 678 846 r.
703 805 726 847 r.
762 787 845 849 nihil
876 787 1076 870 frequentius
1109 791 1244 872 scripsit,

179 896 329 960 inlibris
359 896 397 959 de
425 893 444 956 l.
468 895 487 957 l.
511 914 704 976 numquam:
741 896 828 958 unde
853 898 992 980 suspicio
1016 898 1181 962 suboritur
1205 899 1244 962 de

180 1007 307 1070 diverse
329 1005 487 1068 librorum
511 1004 642 1086 origine.
677 1002 795 1068 Poetae
811 1007 911 1089 igitur
928 1009 1080 1091 temporis
1096 1010 1244 1091 augustei

181 1121 267 1197 sunt,
292 1134 429 1198 quorum
445 1115 481 1175 in
497 1112 694 1176 carminibus
710 1120 795 1176 certa
811 1115 909 1180 huius
927 1117 1074 1180 dictionis
1091 1122 1245 1200 apparent

181 1225 385 1304 documenta,
419 1241 540 1304 eosque
563 1223 680 1286 imitati
702 1229 778 1287 sunt
800 1226 983 1307 posterioris
1011 1227 1122 1288 aetatis
1146 1227 1244 1309 scrip-

180 1339 274 1399 tores.
320 1333 424 1396 Iidem
447 1331 640 1395 addiderunt
664 1333 741 1395 adeo
767 1332 893 1411 ‘etiam',
925 1333 977 1397 ‘et’
1005 1339 1043 1398 ut
1066 1339 1148 1397 esset
1172 1334 1242 1397 ‘nec
1299 1323 1302 1328 ’

180 1463 246 1507 uon
265 1442 381 1523 etiam',
405 1442 555 1504 ‘necnon
572 1441 632 1504 et’.’
679 1442 780 1527 (Turs.
800 1444 861 1508 vol.
886 1442 944 1524 IV,
967 1464 995 1526 p.
1015 1443 1102 1526 111).
1142 1444 1243 1525 Atqui

180 1552 330 1637 exempla
368 1552 544 1615 illiusmodi
578 1553 614 1613 in
647 1551 805 1616 Varronis
840 1553 879 1615 de
911 1554 930 1615 l.
957 1553 978 1621 l.
1010 1552 1103 1615 libris
1133 1555 1244 1616 inveni

180 1664 273 1727 haec:
318 1663 356 1744 V,
388 1659 503 1746 §op
530 1659 615 1738 toln
650 1661 740 1743 VIII,
772 1660 858 1742 §55
885 1683 915 1745 p.
941 1665 1014 1725 432.
1081 1662 1125 1738 X,
1158 1663 1243 1742 §35

180 1793 209 1856 p.
247 1769 347 1852 5642)
406 1769 556 1834 Conferas
592 1789 712 1852 quaeso
753 1771 861 1834 locum
897 1774 954 1854 qui
989 1778 1037 1835 est
1069 1772 1141 1853 VII,
1175 1773 1193 1852 ξ
1222 1773 1244 1833 4

180 1903 210 1966 p.
228 1884 291 1945 285
309 1902 354 1964 sq.
375 1899 472 1963 quem
491 1899 509 1942 e
525 1899 623 1944 sensu
637 1881 934 1963 interpungendum
950 1900 1020 1945 esse
1036 1886 1166 1964 apparet
1182 1884 1241 1944 sic:

439 1987 564 2071 Neque,
593 1990 620 2051 si
647 2007 713 2051 non
736 1991 841 2051 norim
864 1990 988 2053 radices
1012 1989 1144 2071 arboris,
1177 2010 1243 2052 uon

341 2117 470 2184 possem
493 2099 598 2161 dicere
623 2147 629 2160 .
654 2148 660 2160 .
682 2148 689 2162 .
715 2147 720 2160 .
1136 2169 1138 2173 ,

291 2209 380 2287 Vlll,
416 2209 434 2288 ξ
460 2209 500 2270 32
535 2229 564 2291 p.
598 2208 662 2270 415
695 2210 730 2270 in
765 2208 929 2272 codicibus
963 2209 1124 2292 leguntur¹
1151 2210 1242 2272 haee:

182 2319 323 2403 „Quodsi
347 2324 432 2382 esset
455 2319 602 2401 analogia
625 2319 762 2400 petenda
790 2319 988 2400 supellectili,
1013 2337 1123 2382 omnes
1146 2316 1245 2381 lectos

182 2428 375 2492 haberemus
407 2427 494 2490 domi
525 2427 565 2490 ad
598 2447 695 2489 unam
728 2426 874 2507 formam,
908 2432 939 2489 et
966 2433 1022 2490 aut
1045 2447 1120 2490 cum
1142 2427 1244 2491 fulcro

183 2543 240 2602 aut
263 2541 333 2602 sine
357 2557 403 2617 eo,
427 2556 487 2600 nec
510 2556 584 2600 cum
608 2536 648 2598 ad
672 2535 878 2597 tricliniarem
902 2536 1048 2619 gradum,
1080 2556 1145 2598 non
1168 2539 1245 2600 item

152 2653 154 2656 ⁴
183 2649 222 2712 ad
247 2644 491 2712 cubicularem.“

291 2756 363 2832 Qua
385 2758 420 2819 in
438 2757 574 2819 lectione
598 2760 628 2818 et
647 2754 792 2837 Spengel.
817 2758 848 2816 et
864 2752 1008 2818 Mueller.
1033 2755 1244 2819 offenderunt.

183 2866 225 2930 Et
256 2866 311 2929 ille
341 2886 398 2948 pro
435 2866 539 2930 verbis
575 2866 651 2928 ‘nou
674 2864 761 2928 item'
793 2864 968 2946 legendum
1004 2867 1120 2929 conicit
1148 2865 1246 2928 ‘nrrnc

184 2976 281 3056 item',
310 2975 398 3037 addit
421 2980 528 3039 temen
552 2975 597 3037 ‘ni
625 2974 760 3037 delenda
783 2974 889 3054 potius
913 2975 1012 3035 altera
1034 2973 1187 3055 negatio,
1212 2973 1245 3034 id

184 3085 270 3167 quod
286 3083 462 3146 Muellerus
477 3083 560 3146 fecit.
606 3081 695 3144 Nihil
718 3100 776 3163 ego
801 3081 993 3144 mutandum
1011 3100 1080 3144 esse
1096 3082 1245 3144 existimo

183 3195 356 3275 locumque
379 3193 424 3253 ita
447 3194 639 3274 interpretor
661 3195 697 3252 ut
719 3188 820 3252 verba
844 3188 914 3252 ‘nec
929 3189 1005 3252 nou'
1028 3190 1098 3252 loco
1114 3191 1246 3253 alterius

185 3301 237 3366 ‘et'
270 3303 374 3385 posita
405 3301 497 3365 alteri
530 3301 615 3384 quod
646 3299 808 3383 praecedit
835 3299 1058 3382 respondeant.
1107 3298 1245 3363 Sensum

183 3414 284 3495 igitur
306 3412 360 3474 ille
376 3411 467 3475 loeus
483 3411 576 3489 habet
592 3410 693 3473 hunc:
720 3407 800 3472 Cum
818 3409 858 3472 ad
874 3409 1082 3472 tricliniarem
1100 3408 1246 3492 (lectum)

184 3521 361 3585 habeamus
383 3521 529 3603 gradum,
552 3522 597 3584 sic
616 3521 694 3583 item
709 3518 901 3582 haberemus
915 3519 1050 3602 gradum
1072 3520 1111 3583 ad
1127 3520 1247 3582 lectum

186 3626 438 3709 cubicularem.3)

292 3805 319 3874 1)
339 3821 440 3871 non-3
459 3821 546 3873 neque
559 3823 596 3872 -;
615 3821 701 3874 neque
719 3820 816 3858 non-.

292 3899 319 3965 2)
339 3898 398 3950 et-
419 3898 481 3949 et-
499 3912 586 3964 noque
607 3913 660 3950 non
679 3897 768 3950 etiam.

292 3991 321 4059 3)
341 3988 418 4054 Quod
445 3988 517 4041 idern
545 3988 690 4042 coniecisse
709 3987 858 4041 Christium
888 4004 960 4041 nunc
990 3988 1065 4041 video
1093 3986 1123 4039 in
1149 3986 1247 4040 Philcl.

186 4080 238 4136 vol.
260 4080 336 4135 XVI.
355 4097 382 4148 p.
400 4081 462 4135 455.
