2782 4614
699 272 717 332 2
749 312 751 319 ,

69 510 73 519 .
177 463 290 543 dicem,
314 461 397 524 ‘cum
423 480 508 524 anno
534 459 617 523 1877
644 461 809 524 occasione
833 460 964 523 feliciter
987 458 1092 523 oblata
1112 481 1168 543 per
1183 463 1240 525 ali-

178 576 257 654 quot
279 589 407 634 menses
430 569 612 633 Florentiae
627 571 744 633 morari
758 571 878 650 liceret,
901 575 1031 633 auctore
1055 574 1086 633 et
1108 590 1241 636 suasore

179 679 337 744 Guilelmo
354 679 557 743 Studemund
580 678 630 742 bis
654 698 727 742 oum
749 678 962 762 Spengeliana
986 680 1124 744 editione
1148 701 1242 744 accu-

177 788 348 853 ratissime'
373 806 408 852 se
443 787 617 852 contulisse
652 795 760 852 narrat
783 786 815 874 (l.
840 807 865 852 0.
891 809 920 872 p.
944 789 986 868 4.)
1031 790 1140 872 ltaque
1168 809 1242 853 oum

180 903 280 962 artem
304 899 449 960 criticam
471 897 536 958 iam
559 897 592 958 in
611 903 696 960 certo
715 897 925 960 fundamento
950 897 1103 962 collocare
1122 899 1242 981 liceret,

184 1012 289 1071 totum
311 1004 459 1088 beneque
483 1010 665 1088 sperantem
693 1025 744 1069 me
769 1006 843 1069 dedi
871 1006 1081 1071 Varroniano·
1102 1009 1243 1072 sermoni

178 1115 381 1199 inquirendo,
406 1117 540 1197 siquae
572 1114 759 1177 discrimina
785 1116 819 1175 in
850 1116 975 1196 scriptis
1005 1119 1074 1180 eius
1097 1118 1243 1182 invenire

179 1230 277 1309 atque
301 1224 342 1287 ad
364 1224 599 1288 restituendum
624 1227 811 1286 contextum
836 1224 957 1306 aliquid
993 1224 1136 1287 conferre
1171 1246 1244 1308 pos-

180 1353 257 1399 sem.
304 1333 419 1416 Neque
443 1352 530 1416 spem
554 1351 606 1396 me
629 1332 779 1396 fefellisse
814 1334 920 1396 statim
953 1351 1135 1417 cognosces.
1180 1332 1244 1396 Hie

179 1463 256 1508 vero
285 1442 383 1506 libros
410 1441 628 1506 Varronianus
660 1442 861 1525 editoresque
892 1431 1031 1524 afferam,
1066 1441 1185 1525 quibus
1209 1444 1244 1504 in

180 1553 240 1616 hac
274 1572 347 1616 mea
382 1552 570 1634 quaestione
604 1570 685 1614 usus
721 1571 802 1614 sum.
848 1550 964 1634 Itaque
996 1556 1120 1636 praeter
1146 1551 1245 1615 libros

183 1663 264 1726 del.
288 1663 308 1723 l.
333 1667 364 1724 et
385 1660 485 1724 libros
510 1661 548 1724 de
571 1681 595 1723 r.
619 1680 645 1724 r.
675 1661 817 1743 scriptos,
850 1671 990 1745 quorum
1021 1662 1158 1725 editores
1189 1680 1246 1723 no-

183 1773 307 1835 minare
330 1790 397 1832 non
422 1790 501 1853 opus
532 1774 589 1849 est,
623 1771 741 1832 horum
774 1769 932 1836 librorum
964 1772 1143 1855 fragmenta
1176 1789 1248 1853 per-

182 1880 335 1944 lustravi:

271 1989 428 2052 Varronis
452 1977 696 2073 Menippearum
712 1989 867 2072 reliquias
892 1988 953 2074 (ed.
973 1989 1158 2053 Buecheler.
1181 2009 1248 2052 una

183 2119 259 2163 cum
281 2098 407 2162 Petron.
432 2100 514 2161 satir.
539 2119 565 2161 a.
591 2099 696 2180 1871.)

293 2207 566 2291 Logistoricorum
607 2229 691 2291 quae
726 2213 901 2292 supersunt
940 2186 1001 2293 (ap.
1035 2208 1181 2272 Riesium
1214 2209 1249 2270 in

187 2317 236 2402 ed.
261 2322 317 2379 sat.
337 2315 422 2378 lllen.
446 2336 474 2397 p.
493 2316 555 2378 247
574 2320 633 2397 sq.)
677 2317 843 2400 Epistulas
867 2318 930 2400 (ap.
948 2317 1087 2380 eundem
1104 2317 1248 2380 Riesium
1299 2378 1303 2385 ,

184 2428 206 2488 1.»
229 2445 254 2487 c.
278 2446 307 2508 p.
332 2424 530 2502 259-260).

292 2534 482 2615 Antiquitat.
506 2552 566 2595 rer.
592 2533 654 2594 dir.
679 2533 738 2615 (ap.
763 2532 884 2596 Merkel
914 2535 948 2595 in
973 2532 1020 2595 ed.
1045 2531 1152 2596 Ovidii
1174 2531 1250 2595 Fas-

186 2651 293 2709 torum
317 2663 345 2726 p.
371 2641 451 2705 CVI.
479 2642 562 2725 sqq.)

293 2752 343 2816 De
377 2752 443 2814 rita
477 2749 662 2835 popRom.
698 2769 781 2832 quae
816 2756 927 2815 extant
951 2750 1011 2838 (ed.
1038 2751 1079 2816 H.
1109 2749 1252 2814 Kettner.

186 2860 280 2925 Halis
306 2861 412 2941 1863.)

296 2969 344 3033 De
367 2976 462 3052 gente
485 2991 556 3054 pop.
575 2969 665 3033 Rom.
687 2971 745 3050 (ed.
769 2971 854 3033 idem
878 2969 1014 3032 Kettner
1035 2971 1070 3030 in
1093 2968 1175 3031 libro
1200 2968 1254 3030 cui

187 3080 365 3161 inscripsit:
392 3078 619 3141 ‘Varronische
642 3077 788 3141 Studien’
812 3078 907 3141 Halle
933 3076 1026 3140 1865.
1050 3097 1078 3160 p.
1104 3078 1145 3139 63
1170 3079 1231 3158 sq.)

294 3187 466 3251 Librorum
489 3189 773 3271 grammaticorum
796 3192 921 3271 praeter
944 3186 1042 3251 libros
1063 3185 1189 3250 V.—X.
1215 3187 1254 3250 de

189 3299 209 3361 l.
233 3297 254 3361 l.
278 3298 444 3380 relliquias
467 3297 551 3378 (coll.
576 3295 767 3360 Wilmauns.
790 3297 811 3361 l.
837 3317 863 3362 c.
888 3319 917 3380 p.
943 3299 1006 3360 142
1029 3303 1114 3380 sqq.)

296 3406 478 3470 Sententias
514 3426 596 3489 quae
631 3405 788 3470 Varronis
824 3409 954 3470 nomine
988 3407 1151 3487 feruntur,
1187 3424 1255 3468 non

190 3518 364 3601 inquiram,
386 3519 486 3580 immo
512 3535 594 3599 quae
609 3513 834 3602 Ritschelius1)
855 3521 886 3580 et
908 3521 980 3600 post
1004 3536 1079 3580 eum
1096 3509 1255 3596 Riesius2)

189 3629 224 3691 in
260 3628 457 3710 genuitatem
494 3644 605 3688 earum
643 3625 805 3708 dixerunt,
836 3632 920 3690 recte
953 3645 988 3690 so
1025 3623 1142 3687 habere
1176 3622 1255 3684 mihi

191 3755 345 3820 persuasi.

300 3911 326 3981 1)
345 3912 398 3967 Clr.
417 3911 486 3967 Mus.
505 3911 592 3971 Rhen.
611 3911 664 3967 vol.
682 3911 739 3965 ΧΠ
763 3911 863 3982 (1857.)
889 3927 916 3978 p.
935 3909 1083 3965 147-154.
1105 3929 1134 3957 =
1157 3906 1256 3975 Opusc.

192 3997 241 4055 m.
260 4017 320 4070 pag.
339 4001 401 4056 522.

301 4089 328 4161 2)
346 4089 433 4145 Praei.
453 4089 493 4143 ed.
513 4090 562 4146 sat.
581 4089 651 4149 Men.
669 4106 695 4159 p.
714 4089 750 4149 X.
