2782 4614
670 243 713 309 55

264 433 326 499 Sed
351 436 390 498 de
414 453 451 498 ao
474 435 557 516 loco,
581 435 668 499 unde
691 435 823 519 profecti
849 457 962 502 sumus
986 438 1025 501 de
1047 439 1067 501 i.
1091 440 1110 501 1.
1134 439 1227 521 VIII,

158 545 250 627 5¹46,
272 564 302 627 p.
320 544 394 627 425,
418 545 504 628 quod
528 545 711 628 suspicatus
736 549 784 608 est
799 544 987 630 Muellerus
1010 549 1131 611 rectius
1155 567 1226 612 esse

161 659 239 737 puto
263 655 411 718 codicum
435 655 593 736 scriptura
619 653 742 736 ‘quod’3
776 660 862 718 certe
884 657 972 739 apud
995 661 1144 720 nostrum
1168 658 1227 721 hu-

161 764 304 827 iusmodi
327 764 476 827 dictionis
499 763 686 846 exemplum
708 765 820 828 inveni
843 764 982 829 nullum.

269 872 343 937 Uno
366 874 400 936 in
424 871 514 935 libris
539 872 578 936 de
601 872 621 934 l.
638 874 656 936 l.
680 873 750 937 loco
773 873 910 937 formam
936 878 1083 958 quaeest
1100 873 1227 957 ‘quaad’

161 981 390 1046 Lachmannus
406 1057 407 1060 Ἴ
422 982 550 1065 egregia
585 983 769 1046 coniectura
800 982 980 1068 reposuitl)
1036 983 1121 1048 Nam
1154 982 1227 1066 vn,

162 1093 228 1175 57,
250 1112 281 1176 p.
299 1093 363 1154 288
388 1110 462 1154 cum
486 1092 520 1153 in
553 1093 717 1156 codicibus
740 1092 891 1177 legantur
914 1094 1011 1158 verba
1035 1094 1111 1177 ‘qua
1133 1095 1227 1157 attui-
1342 1152 1343 1157 ,

160 1200 255 1282 mur’‚
290 1220 373 1285 quae
396 1200 507 1264 eadem
542 1203 574 1264 in
601 1201 796 1266 editionibus
819 1203 1015 1286 scribuntur,
1050 1211 1088 1267 ut
1121 1208 1226 1267 totum

163 1309 250 1373 hunc
272 1310 380 1374 locum
404 1330 421 1374 e
445 1313 604 1375 sententia
635 1312 725 1375 iilius
749 1313 811 1375 viri
835 1313 1021 1395 describam,
1055 1313 1228 1396 legendum

162 1422 338 1503 proposuit:
365 1417 539 1504 ‘Quaquap
563 1423 673 1485 intuiti
692 1418 808 1503 erant3)
832 1423 928 1504 oculi,
951 1423 1108 1486 atuendo
1124 1424 1227 1506 primo

164 1530 318 1614 templum
353 1531 487 1611 diotum3
528 1533 677 1614 quocirca
711 1529 861 1613 caelum4)
902 1552 966 1615 qua
1000 1526 1061 1602 at5)
1097 1533 1228 1614 tuimur,

165 1638 286 1703 dictum
317 1642 493 1724 templum’.
549 1641 669 1705 Tamen
701 1642 820 1704 mirum
851 1660 929 1704 sane
959 1641 1047 1724 quod
1078 1641 1138 1704 hoc
1162 1659 1227 1704 uno
1261 1669 1264 1675 ·

164 1749 234 1812 loco
268 1749 356 1812 iilam
392 1751 527 1814 formam
563 1761 658 1838 (quae
693 1752 879 1834 saepissime
911 1751 946 1813 in
978 1750 1070 1814 libris
1093 1750 1131 1814 de
1154 1771 1178 1814 r.
1203 1771 1227 1813 r.

165 1860 317 1936 occurrit)
342 1859 579 1944 comprobatam
602 1860 772 1941 habemus;
803 1861 914 1944 itaquo
938 1862 1065 1924 cautius
1089 1859 1228 1944 Spenge-

162 1962 254 2036 lius⁶)
290 1968 464 2052 legendum
497 1971 657 2054 proponit:
700 1970 778 2053 ‘qua
814 1967 991 2049 tuimur’37)
1032 1990 1229 2056 quamquam

164 2099 279 2143 rursus
302 2077 501 2143 Lachmanni
525 2081 708 2144 coniectura
740 2100 778 2144 ea
804 2099 839 2143 re
863 2079 1108 2143 commendatur
1142 2077 1230 2161 quod

166 2209 265 2254 seusu
288 2190 409 2273 aptiore
433 2207 503 2252 esso
525 2189 664 2252 videtur.

272 2298 311 2362 In
334 2298 425 2362 libris
448 2298 487 2361 de
510 2317 534 2359 r.
557 2318 583 2362 r.
608 2300 691 2362 hanc
713 2298 889 2382 particulae
912 2296 1050 2361 formam
1065 2295 1132 2358 fere
1148 2312 1230 2357 sem·

100 2493 103 2497 .
166 2427 223 2493 per
246 2409 394 2489 inveniri,
416 2412 587 2491 postquam
609 2411 676 2472 iam
698 2408 863 2472 Victorius
891 2409 1071 2471 commento
1096 2404 1137 2467 ad
1160 2402 1231 2467 libr.

167 2518 282 2601 1,·1‚2
306 2517 389 2580 facto
412 2517 446 2581 id
469 2520 604 2600 monuit,
627 2517 725 2582 Keilii
748 2518 971 2583 observatione
995 2516 1035 2578 de
1058 2532 1153 2577 earo
1176 2533 1232 2576 ou-

167 2629 251 2692 riose
285 2627 367 2690 facta
395 2628 427 2701 (l.
448 2647 474 2690 c.
494 2649 523 2712 p.
546 2629 587 2691 39
610 2626 670 2711 sq.)
709 2647 797 2690 nuno
835 2629 920 2691 inter
952 2642 1064 2689 onmes
1100 2626 1191 2686 const
1211 2627 1231 2685 t.

167 2739 282 2823 Itaque
305 2739 333 2802 si
356 2736 449 2801 verbi
471 2737 655 2820 temporalis
678 2737 810 2799 modum
835 2737 1037 2820 respicimus

274 2846 304 2922 Ι)
329 2865 404 2909 cum
434 2848 595 2930 praesenti
632 2847 799 2910 indicativi
834 2845 992 2930 particula
1026 2840 1233 2923 coniungitur

167 2959 246 3023 locis
269 2957 332 3020 his:

167 3135 381 3147 μ

169 3255 295 3311 sabulosa
312 3259 392 3322 terra,
412 3255 540 3324 quodibi
559 3254 648 3320 refert,
667 3253 760 3308 sabulo
773 3253 852 3308 albus
871 3253 906 3307 sit
918 3270 952 3308 an
964 3251 1145 3307 rubicundus:
1165 3250 1233 3316 ruod

60 3346 64 3350 ’
169 3348 298 3402 subalbus
318 3348 351 3400 ad
371 3346 498 3400 serendos
516 3346 638 3400 surculos
657 3345 769 3414 alienus,
789 3347 882 3400 contra
892 3344 1068 3398 rubicundior
1080 3341 1237 3411 appositus'.

256 3502 260 3509 .
275 3439 302 3508 1)
321 3438 468 3492 Comment.
488 3437 587 3490 Lucret
603 3454 629 3505 p,
648 3438 709 3495 331.

277 3532 304 3601 2)
323 3530 369 3584 Sic
386 3529 468 3584 habat
491 3528 660 3599 Augustinus
687 3528 718 3582 in
741 3545 834 3598 marg„
859 3542 894 3580 ax
917 3525 984 3580 coni.
1009 3529 1041 3579 ut
1064 3512 1184 3580 ridetur.¹
1200 3554 1235 3564 -

167 3640 222 3694 qna
239 3623 310 3695 quia’
331 3623 390 3677 cod.
414 3620 443 3676 F.

277 3717 305 3786 3)
321 3711 440 3767 ‘initium
458 3711 522 3764 erat'
541 3711 600 3767 cod.
618 3711 649 3766 F.

276 3806 305 3875 4)
323 3799 437 3859 ‘caelum
455 3801 516 3872 qua'
536 3804 593 3857 cod.
612 3804 640 3862 F.
660 3805 707 3861 cfr.
727 3802 819 3857 Groth.
838 3819 864 3871 p.
878 3802 922 3869 36,
941 3818 968 3860 n.
988 3801 1049 3857 201.

277 3896 305 3965 b)
324 3889 427 3964 ‘quaad’
447 3895 542 3964 probat
559 3895 650 3953 Groth.
670 3893 688 3951 i
708 3909 731 3949 c.

278 3987 306 4056 6)
323 3986 420 4042 Philol⁴
440 3987 492 4043 vol.
511 3986 601 4056 XVII,
618 4003 646 4055 p.
665 3987 724 4040 300.

183 4078 186 4083 '
278 4079 305 4148 t)
323 4079 383 4133 Hoc
400 4078 472 4133 idom
492 4079 607 4134 coniecit
624 4076 767 4132 Madvious
783 4076 814 4131 in
832 4075 934 4130 adrem
954 4074 1012 4130 orit.
1030 4074 1066 4143 H,
1085 4091 1112 4142 p.
1131 4075 1191 4129 173.
