2782 4614
683 289 723 352 39

170 495 299 541 censeo:
338 477 399 539 ‘Ab
436 477 497 540 olla
531 475 625 540 Olera
662 476 758 557 dicta,
795 477 945 558 quoniam
982 494 1098 560 genere
1134 477 1234 539 cruda

171 586 274 651 olera’.
321 585 362 649 Et
394 605 526 650 sensum
552 586 680 668 quidem
705 605 756 648 me
779 591 902 649 rectum
935 587 1098 649 invenisse
1123 585 1232 664 eredm

170 698 302 779 exponit
325 697 411 759 enim
435 695 549 777 Varro,
580 715 654 759 oum
679 696 768 759 verbi
798 697 955 778 originem
985 695 1167 772 indicasset,
1199 714 1234 759 re

172 826 301 890 quoque
333 811 364 870 et
391 825 455 869 usu
486 805 547 867 hoc
584 806 800 888 veriloquium
833 805 1046 889 comprobari:
1080 805 1113 867 id
1146 807 1233 886 quod

169 917 354 999 saepissime
377 918 411 978 in
436 915 615 999 originibus
639 915 837 998 explicandis
864 916 947 978 iacit.
995 914 1056 979 Sed
1089 934 1130 978 ne
1164 935 1232 978 rer-

168 1025 246 1088 hum
271 1025 401 1109 quidem
427 1024 510 1107 quod
531 1044 588 1108 ego
613 1027 744 1104 conieci,
769 1026 951 1108 qumans,
976 1025 1146 1090 offensioni
1162 1045 1233 1090 esse

170 1135 272 1217 debet,
295 1135 454 1217 siquidem
473 1134 575 1197 Varro
600 1137 695 1198 etiam
720 1135 760 1212 V,
784 1137 802 1216 ξ
822 1137 862 1198 19
886 1157 914 1219 p.
933 1133 1004 1213 281)
1030 1137 1113 1199 hanc
1136 1138 1233 1219 parti-

168 1247 274 1308 culam
298 1246 409 1309 eadem
433 1247 556 1309 ratione
580 1246 717 1309 admisit.

272 1356 347 1418 Alio
380 1360 428 1419 est
459 1356 537 1436 loce,
571 1358 598 1419 si
629 1362 715 1420 recte
739 1357 874 1418 coniecit
898 1353 1086 1436 Muellerus,
1110 1355 1230 1438 ‘quare’

82 1510 85 1515 -
165 1465 396 1548 reponendum,
430 1465 488 1547 IV,
521 1466 603 1547 §66
633 1487 660 1548 p.
685 1463 739 1544 733
777 1467 833 1548 qui
872 1466 962 1528 locus
998 1467 1031 1527 in
1067 1463 1231 1526 codicibus

164 1573 284 1657 legitur
307 1575 366 1637 sie:

248 1683 521 1748 -—‘coniunctus
545 1689 658 1762 terrae,
682 1685 739 1748 ubi
764 1687 871 1747 omnia
895 1686 1054 1765 oriuntur7
1078 1685 1111 1744 ri
1128 1682 1228 1746 abori-

166 1797 266 1856 untur
290 1813 427 1876 quorum
454 1795 538 1877 qnod
563 1794 636 1858 finis
661 1800 766 1858 ortum
791 1800 879 1858 ortus
904 1794 1019 1858 dictus*
1092 1775 1098 1785 ¹

166 1921 183 1964 e
208 1903 327 1985 quibus
351 1903 530 1969 Muellerus
554 1905 658 1970 effecit
680 1907 775 1968 haec:

271 2012 383 2077 ——‘ubi
418 2017 526 2078 omnia
559 2021 596 2078 nt
621 2017 782 2095 oriuntur,
813 2015 857 2075 ita
881 2012 1086 2076 aboriuntur:
1121 2031 1229 2096 quare,

168 2121 253 2201 quod
274 2120 349 2187 finis
374 2130 472 2205 ortus,
497 2122 628 2207 arcusa
653 2123 776 2187 dictus’.
885 2115 891 2122 ’

273 2232 379 2314 Atque
402 2234 572 2297 formulam
597 2253 680 2317 quae
704 2238 753 2297 est
777 2232 824 2294 ‘ut
847 2269 889 2276 —
913 2231 967 2293 ita'
998 2233 1032 2292 in
1058 2230 1230 2292 Varronia-

166 2358 246 2402 num
270 2342 396 2406 dicendi
412 2364 534 2408 morem
550 2363 682 2429 peceare
697 2342 782 2405 infra
799 2341 979 2420 ostendam3
1006 2340 1128 2423 ‘qnare’
1152 2359 1228 2404 vero

166 2469 183 2511 a
207 2448 362 2516 Muellero
385 2460 471 2517 recte
496 2456 675 2518 coniectum
700 2471 770 2516 esse
794 2452 873 2514 mihi
896 2453 1050 2535 persuasi.

271 2559 470 2646 Madviousss)
507 2568 614 2627 autem
651 2562 843 2625 medicinam
867 2560 1011 2633 adhiberi
1034 2561 1105 2623 vult
1128 2561 1226 2621 hane:

166 2667 232 2731 ‘nbi
256 2672 363 2734 omnia
380 2675 536 2754 oriuntur,
560 2670 644 2757 ubi4)
669 2670 866 2752 oboriuntur,
892 2691 1029 2753 quorum
1052 2670 1138 2751 (qnod
1154 2669 1228 2731 finis

165 2783 305 2861 ortuum,
339 2800 432 2845 orcus
464 2782 591 2863 dietus’,
630 2802 693 2864 qua
723 2783 758 2843 in
790 2781 925 2843 lectione
957 2780 1098 2862 primum
1122 2796 1227 2859 repre·

164 2886 269 2951 hendo
292 2891 479 2954 inusitatam
504 2891 643 2954 Varroni
667 2891 905 2953 collocationem
934 2888 1106 2953 verborum
1138 2886 1228 2968 ‘quo-

162 3017 234 3060 rum
271 3035 315 3044 —
351 3001 509 3079 ortuum'3
546 3002 660 3065 deinde
695 3002 755 3063 hoe
789 2998 924 3063 verbum
957 2999 1063 3081 ipsum
1098 3001 1227 3080 propter

161 3127 333 3172 numerum
368 3110 525 3192 pluralem
561 3111 728 3174 offensioni
752 3117 812 3190 est3
848 3115 916 3174 tum
953 3109 1113 3192 anaphora
1144 3125 1227 3189 quae

161 3221 210 3280 est
234 3217 302 3280 ‘ubi
325 3256 368 3265 —
392 3219 458 3282 ubi’
481 3240 499 3282 a
518 3220 720 3284 Varroniana
745 3221 883 3283 dictione
906 3239 1038 3302 prorsus
1063 3217 1225 3294 abhorret3

161 3325 301 3409 denique
347 3331 550 3393 enuntiatum
600 3332 685 3412 quod
733 3335 780 3393 est
820 3329 968 3409 ‘equorum
1017 3327 1103 3411 (quod
1150 3326 1226 3389 finis

159 3437 300 3500 ortuum'
325 3457 399 3502 eum
422 3439 624 3522 praecedenti
656 3440 753 3502 nimis
788 3439 868 3501 dure
892 3436 944 3499 rel
967 3438 1074 3518 potius
1097 3434 1227 3498 horride

158 3563 320 3611 conexum
345 3555 403 3640 est.

265 3746 292 3814 1)
311 3740 384 3813 ‘puto
403 3763 419 3800 a
439 3746 506 3800 chao
534 3747 632 3800 choum
661 3749 687 3799 et
714 3745 779 3797 hinc
809 3743 920 3811 eaelum,
950 3742 1085 3810 quoniam,
1113 3742 1143 3792 ut
1168 3738 1225 3791 dixi

162 3827 197 3886 ‘H
203 3851 234 3888 oc
254 3836 356 3890 circum
377 3879 487 3894 .....
491 3837 496 3858 ¹
516 3854 622 3905 carum,
642 3836 762 3892 caclum‘.

262 3930 290 3995 2)
309 3923 413 3984 ‘Orcus'
432 3930 548 3983 Turnobi
567 3931 608 3983 est
627 3929 790 3988 coniectura,

266 4020 293 4081 a)
313 4021 380 4075 Adv.
402 4022 460 4077 crit.
480 4039 506 4090 p.
526 4023 585 4078 rar.

265 4111 292 4181 4)
311 4106 375 4166 ‘ubi'
395 4113 509 4167 coniecit
528 4104 623 4168 rl'ldus
