<?xml version="1.0" encoding="UTF-8"?>
<!DOCTYPE html PUBLIC "-//W3C//DTD XHTML 1.0 Transitional//EN"
    "http://www.w3.org/TR/xhtml1/DTD/xhtml1-transitional.dtd">
<html xmlns="http://www.w3.org/1999/xhtml" xml:lang="en" lang="en">
 <head>
  <title>
</title>
<meta http-equiv="Content-Type" content="text/html;charset=utf-8" />
  <meta name='ocr-system' content='tesseract 3.04.00' />
  <meta name='ocr-capabilities' content='ocr_page ocr_carea ocr_par ocr_line ocrx_word'/>
</head>
<body>
  <div class='ocr_page' id='page_1' title='image "./quaestionesvarr00reitgoog_0020.png"; bbox 0 0 2782 4614; ppageno 0'>
   <div class='ocr_carea' id='block_1_1' title="bbox 656 228 696 290">
    <p class='ocr_par' dir='ltr' id='par_1_1' title="bbox 656 228 696 290">
     <span class='ocr_line' id='line_1_1' title="bbox 656 228 696 290; baseline 0 0"><span class='ocrx_word' id='word_1_1' title='bbox 656 228 696 290; x_wconf 93' lang='lat' dir='ltr'>ll</span> 
     </span>
    </p>
   </div>
   <div class='ocr_carea' id='block_1_2' title="bbox 147 417 1213 614">
    <p class='ocr_par' dir='ltr' id='par_1_2' title="bbox 147 417 1213 614">
     <span class='ocr_line' id='line_1_2' title="bbox 147 417 1213 501; baseline -0.001 -17"><span class='ocrx_word' id='word_1_2' title='bbox 147 439 222 484; x_wconf 88' lang='lat' dir='ltr'>mus</span> <span class='ocrx_word' id='word_1_3' title='bbox 240 418 489 496; x_wconf 82' lang='lat' dir='ltr'>Grossmannus,</span> <span class='ocrx_word' id='word_1_4' title='bbox 503 422 692 501; x_wconf 86' lang='lat' dir='ltr'>praeceptor</span> <span class='ocrx_word' id='word_1_5' title='bbox 700 417 959 500; x_wconf 75' lang='lat' dir='ltr'>AlienstinensiS,</span> <span class='ocrx_word' id='word_1_6' title='bbox 971 417 1116 482; x_wconf 90' lang='lat' dir='ltr'>libellum</span> <span class='ocrx_word' id='word_1_7' title='bbox 1126 439 1213 483; x_wconf 60' lang='grc' dir='ltr'>00111ὁ</span> 
     </span>
     <span class='ocr_line' id='line_1_3' title="bbox 147 527 786 614; baseline -0.003 -22"><span class='ocrx_word' id='word_1_8' title='bbox 147 527 291 614; x_wconf 84' lang='lat' dir='ltr'>posuir,1)</span> <span class='ocrx_word' id='word_1_9' title='bbox 315 532 392 613; x_wconf 87' lang='lat' dir='ltr'>puto</span> <span class='ocrx_word' id='word_1_10' title='bbox 415 527 603 610; x_wconf 82' lang='lat' dir='ltr'>particulam</span> <span class='ocrx_word' id='word_1_11' title='bbox 629 546 713 610; x_wconf 88' lang='lat' dir='ltr'>quae</span> <span class='ocrx_word' id='word_1_12' title='bbox 737 532 786 591; x_wconf 86' lang='lat' dir='ltr'>ast</span> 
     </span>
    </p>
   </div>
   <div class='ocr_carea' id='block_1_3' title="bbox 76 635 1217 3785">
    <p class='ocr_par' dir='ltr' id='par_1_3' title="bbox 113 635 1215 1598">
     <span class='ocr_line' id='line_1_4' title="bbox 254 635 1214 722; baseline -0.006 -14"><span class='ocrx_word' id='word_1_13' title='bbox 254 638 396 708; x_wconf 73' lang='lat' dir='ltr'>fluidam.</span> <span class='ocrx_word' id='word_1_14' title='bbox 442 636 484 701; x_wconf 77' lang='lat' dir='ltr'>nt</span> <span class='ocrx_word' id='word_1_15' title='bbox 519 637 558 700; x_wconf 88' lang='lat' dir='ltr'>de</span> <span class='ocrx_word' id='word_1_16' title='bbox 589 635 791 700; x_wconf 80' lang='lat' dir='ltr'>Varroniano</span> <span class='ocrx_word' id='word_1_17' title='bbox 826 638 956 720; x_wconf 87' lang='lat' dir='ltr'>quidem</span> <span class='ocrx_word' id='word_1_18' title='bbox 986 638 1085 702; x_wconf 90' lang='lat' dir='ltr'>huius</span> <span class='ocrx_word' id='word_1_19' title='bbox 1115 640 1214 722; x_wconf 91' lang='lat' dir='ltr'>parti-</span> 
     </span>
     <span class='ocr_line' id='line_1_5' title="bbox 149 745 1212 831; baseline -0.002 -19"><span class='ocrx_word' id='word_1_20' title='bbox 149 749 241 812; x_wconf 90' lang='lat' dir='ltr'>culae</span> <span class='ocrx_word' id='word_1_21' title='bbox 264 768 328 812; x_wconf 91' lang='lat' dir='ltr'>usu</span> <span class='ocrx_word' id='word_1_22' title='bbox 351 749 403 809; x_wconf 89' lang='lat' dir='ltr'>vir</span> <span class='ocrx_word' id='word_1_23' title='bbox 424 747 479 810; x_wconf 91' lang='lat' dir='ltr'>ille</span> <span class='ocrx_word' id='word_1_24' title='bbox 496 747 610 809; x_wconf 92' lang='lat' dir='ltr'>doctus</span> <span class='ocrx_word' id='word_1_25' title='bbox 635 745 684 808; x_wconf 71' lang='lat' dir='ltr'>‘In</span> <span class='ocrx_word' id='word_1_26' title='bbox 700 746 812 829; x_wconf 88' lang='lat' dir='ltr'>libris&#39;,</span> <span class='ocrx_word' id='word_1_27' title='bbox 835 749 951 831; x_wconf 88' lang='lat' dir='ltr'>inquit,</span> <span class='ocrx_word' id='word_1_28' title='bbox 976 746 1070 829; x_wconf 70' lang='lat' dir='ltr'>‘quos</span> <span class='ocrx_word' id='word_1_29' title='bbox 1095 748 1134 811; x_wconf 91' lang='lat' dir='ltr'>de</span> <span class='ocrx_word' id='word_1_30' title='bbox 1157 747 1212 810; x_wconf 93' lang='grc'><strong>1.1.</strong></span> 
     </span>
     <span class='ocr_line' id='line_1_6' title="bbox 151 854 1213 940; baseline 0 -19"><span class='ocrx_word' id='word_1_31' title='bbox 151 858 251 921; x_wconf 89' lang='lat' dir='ltr'>Varro</span> <span class='ocrx_word' id='word_1_32' title='bbox 274 857 410 940; x_wconf 81' lang='lat' dir='ltr'>scripsit,</span> <span class='ocrx_word' id='word_1_33' title='bbox 434 855 532 919; x_wconf 88' lang='lat' dir='ltr'>semel</span> <span class='ocrx_word' id='word_1_34' title='bbox 556 854 709 938; x_wconf 64' lang='lat' dir='ltr'>‘quidem&#39;</span> <span class='ocrx_word' id='word_1_35' title='bbox 731 856 879 940; x_wconf 87' lang='lat' dir='ltr'>legimus,</span> <span class='ocrx_word' id='word_1_36' title='bbox 902 857 999 939; x_wconf 92' lang='lat' dir='ltr'>idque</span> <span class='ocrx_word' id='word_1_37' title='bbox 1033 855 1092 938; x_wconf 88' lang='lat' dir='ltr'>IX,</span> <span class='ocrx_word' id='word_1_38' title='bbox 1116 857 1135 939; x_wconf 65' lang='grc' dir='ltr'><strong>ς</strong></span> <span class='ocrx_word' id='word_1_39' title='bbox 1159 859 1213 938; x_wconf 75' lang='grc'>48,</span> 
     </span>
     <span class='ocr_line' id='line_1_7' title="bbox 147 964 1214 1051; baseline -0.001 -23"><span class='ocrx_word' id='word_1_40' title='bbox 147 988 176 1051; x_wconf 91' lang='lat' dir='ltr'>p.</span> <span class='ocrx_word' id='word_1_41' title='bbox 201 968 291 1046; x_wconf 45' lang='lat'>4903*</span> <span class='ocrx_word' id='word_1_42' title='bbox 314 985 390 1028; x_wconf 91' lang='lat' dir='ltr'>nam</span> <span class='ocrx_word' id='word_1_43' title='bbox 424 965 530 1046; x_wconf 91' lang='lat' dir='ltr'>ceteri,</span> <span class='ocrx_word' id='word_1_44' title='bbox 560 966 596 1028; x_wconf 87' lang='lat' dir='ltr'>in</span> <span class='ocrx_word' id='word_1_45' title='bbox 631 964 749 1047; x_wconf 90' lang='lat' dir='ltr'>quibus</span> <span class='ocrx_word' id='word_1_46' title='bbox 777 967 943 1029; x_wconf 90' lang='lat' dir='ltr'>invenitur</span> <span class='ocrx_word' id='word_1_47' title='bbox 974 965 1126 1048; x_wconf 70' lang='lat' dir='ltr'>‘quidem&#39;</span> <span class='ocrx_word' id='word_1_48' title='bbox 1150 966 1214 1028; x_wconf 90' lang='lat' dir='ltr'>loci</span> 
     </span>
     <span class='ocr_line' id='line_1_8' title="bbox 150 1072 1215 1160; baseline 0 -21"><span class='ocrx_word' id='word_1_49' title='bbox 150 1077 316 1160; x_wconf 83' lang='lat' dir='ltr'>depravati</span> <span class='ocrx_word' id='word_1_50' title='bbox 339 1074 532 1138; x_wconf 87' lang='lat' dir='ltr'>emendandi</span> <span class='ocrx_word' id='word_1_51' title='bbox 555 1074 640 1137; x_wconf 87' lang='lat' dir='ltr'>sunt&#39;</span> <span class='ocrx_word' id='word_1_52' title='bbox 664 1076 703 1158; x_wconf 82' lang='lat' dir='ltr'>(p.</span> <span class='ocrx_word' id='word_1_53' title='bbox 730 1072 795 1158; x_wconf 88' lang='grc'><strong>13).</strong></span> <span class='ocrx_word' id='word_1_54' title='bbox 841 1074 971 1138; x_wconf 82' lang='lat' dir='ltr'>Invenit</span> <span class='ocrx_word' id='word_1_55' title='bbox 994 1080 1103 1138; x_wconf 88' lang='lat' dir='ltr'>autem</span> <span class='ocrx_word' id='word_1_56' title='bbox 1124 1074 1215 1139; x_wconf 86' lang='lat' dir='ltr'>locos</span> 
     </span>
     <span class='ocr_line' id='line_1_9' title="bbox 150 1183 1213 1270; baseline -0.001 -21"><span class='ocrx_word' id='word_1_57' title='bbox 150 1188 208 1270; x_wconf 86' lang='lat' dir='ltr'>qui</span> <span class='ocrx_word' id='word_1_58' title='bbox 231 1189 307 1249; x_wconf 87' lang='lat' dir='ltr'>sunt</span> <span class='ocrx_word' id='word_1_59' title='bbox 332 1184 374 1265; x_wconf 87' lang='lat' dir='ltr'>V,</span> <span class='ocrx_word' id='word_1_60' title='bbox 396 1184 415 1266; x_wconf 58' lang='grc' dir='ltr'>ὅ</span> <span class='ocrx_word' id='word_1_61' title='bbox 440 1185 491 1264; x_wconf 80' lang='lat'>22,</span> <span class='ocrx_word' id='word_1_62' title='bbox 514 1205 542 1267; x_wconf 91' lang='lat' dir='ltr'>p.</span> <span class='ocrx_word' id='word_1_63' title='bbox 561 1186 616 1263; x_wconf 88' lang='grc'>31;</span> <span class='ocrx_word' id='word_1_64' title='bbox 651 1183 723 1266; x_wconf 87' lang='lat' dir='ltr'>VH,</span> <span class='ocrx_word' id='word_1_65' title='bbox 748 1185 839 1267; x_wconf 76' lang='lat'>§47,</span> <span class='ocrx_word' id='word_1_66' title='bbox 859 1206 888 1269; x_wconf 93' lang='lat' dir='ltr'>p.</span> <span class='ocrx_word' id='word_1_67' title='bbox 907 1187 985 1264; x_wconf 78' lang='lat'><strong>3333</strong></span> <span class='ocrx_word' id='word_1_68' title='bbox 1018 1185 1134 1248; x_wconf 89' lang='lat' dir='ltr'>addere</span> <span class='ocrx_word' id='word_1_69' title='bbox 1159 1185 1213 1248; x_wconf 92' lang='lat' dir='ltr'>de-</span> 
     </span>
     <span class='ocr_line' id='line_1_10' title="bbox 148 1292 1215 1377; baseline -0.001 -18"><span class='ocrx_word' id='word_1_70' title='bbox 148 1295 221 1359; x_wconf 92' lang='lat' dir='ltr'>buit</span> <span class='ocrx_word' id='word_1_71' title='bbox 242 1294 350 1357; x_wconf 91' lang='lat' dir='ltr'>locum</span> <span class='ocrx_word' id='word_1_72' title='bbox 380 1294 436 1376; x_wconf 84' lang='lat' dir='ltr'>qui</span> <span class='ocrx_word' id='word_1_73' title='bbox 460 1297 509 1356; x_wconf 86' lang='lat' dir='ltr'>est</span> <span class='ocrx_word' id='word_1_74' title='bbox 531 1292 587 1374; x_wconf 86' lang='lat' dir='ltr'>VI,</span> <span class='ocrx_word' id='word_1_75' title='bbox 611 1293 700 1375; x_wconf 60' lang='lat' dir='ltr'>§titt</span> <span class='ocrx_word' id='word_1_76' title='bbox 723 1313 754 1377; x_wconf 88' lang='lat' dir='ltr'>p.</span> <span class='ocrx_word' id='word_1_77' title='bbox 771 1295 844 1356; x_wconf 80' lang='grc'><strong>246.</strong></span> <span class='ocrx_word' id='word_1_78' title='bbox 893 1292 980 1369; x_wconf 79' lang='lat' dir='ltr'>Quos</span> <span class='ocrx_word' id='word_1_79' title='bbox 1004 1313 1116 1358; x_wconf 90' lang='lat' dir='ltr'>omnes</span> <span class='ocrx_word' id='word_1_80' title='bbox 1148 1300 1215 1358; x_wconf 88' lang='lat' dir='ltr'>tres</span> 
     </span>
     <span class='ocr_line' id='line_1_11' title="bbox 148 1403 1214 1486; baseline 0 -19"><span class='ocrx_word' id='word_1_81' title='bbox 148 1405 236 1468; x_wconf 88' lang='lat' dir='ltr'>locos</span> <span class='ocrx_word' id='word_1_82' title='bbox 271 1409 438 1486; x_wconf 87' lang='lat' dir='ltr'>corruptos</span> <span class='ocrx_word' id='word_1_83' title='bbox 476 1421 544 1466; x_wconf 89' lang='lat' dir='ltr'>esse</span> <span class='ocrx_word' id='word_1_84' title='bbox 584 1408 717 1482; x_wconf 91' lang='lat' dir='ltr'>constat,</span> <span class='ocrx_word' id='word_1_85' title='bbox 757 1404 795 1468; x_wconf 93' lang='lat' dir='ltr'>de</span> <span class='ocrx_word' id='word_1_86' title='bbox 833 1404 984 1468; x_wconf 79' lang='lat' dir='ltr'>remediis</span> <span class='ocrx_word' id='word_1_87' title='bbox 1023 1403 1214 1468; x_wconf 77' lang='lat' dir='ltr'>adhibendis</span> 
     </span>
     <span class='ocr_line' id='line_1_12' title="bbox 113 1512 1136 1598; baseline -0.002 -20"><span class='ocrx_word' id='word_1_88' title='bbox 113 1512 116 1518; x_wconf 84' lang='grc'><strong>’</strong></span> <span class='ocrx_word' id='word_1_89' title='bbox 148 1534 267 1597; x_wconf 84' lang='lat' dir='ltr'>magna</span> <span class='ocrx_word' id='word_1_90' title='bbox 291 1519 339 1577; x_wconf 92' lang='lat' dir='ltr'>est</span> <span class='ocrx_word' id='word_1_91' title='bbox 362 1513 556 1595; x_wconf 85' lang='lat' dir='ltr'>disceptatio.</span> <span class='ocrx_word' id='word_1_92' title='bbox 602 1514 711 1595; x_wconf 83' lang='lat' dir='ltr'>Atque</span> <span class='ocrx_word' id='word_1_93' title='bbox 734 1513 828 1577; x_wconf 90' lang='lat' dir='ltr'>illum</span> <span class='ocrx_word' id='word_1_94' title='bbox 852 1514 983 1598; x_wconf 92' lang='lat' dir='ltr'>quidem</span> <span class='ocrx_word' id='word_1_95' title='bbox 1008 1514 1065 1596; x_wconf 91' lang='lat' dir='ltr'>qui</span> <span class='ocrx_word' id='word_1_96' title='bbox 1088 1517 1136 1576; x_wconf 91' lang='lat' dir='ltr'>est</span> 
     </span>
    </p>

    <p class='ocr_par' dir='ltr' id='par_1_4' title="bbox 149 1621 1214 1816">
     <span class='ocr_line' id='line_1_13' title="bbox 255 1621 1214 1706; baseline 0 -22"><span class='ocrx_word' id='word_1_97' title='bbox 255 1623 296 1704; x_wconf 82' lang='lat' dir='ltr'>V,</span> <span class='ocrx_word' id='word_1_98' title='bbox 319 1623 396 1705; x_wconf 73' lang='lat'>§22</span> <span class='ocrx_word' id='word_1_99' title='bbox 422 1621 511 1684; x_wconf 70' lang='lat' dir='ltr'>‘vias</span> <span class='ocrx_word' id='word_1_100' title='bbox 536 1623 668 1704; x_wconf 89' lang='lat' dir='ltr'>quidem</span> <span class='ocrx_word' id='word_1_101' title='bbox 691 1624 759 1703; x_wconf 92' lang='lat' dir='ltr'>iter,</span> <span class='ocrx_word' id='word_1_102' title='bbox 784 1623 871 1706; x_wconf 91' lang='lat' dir='ltr'>quod</span> <span class='ocrx_word' id='word_1_103' title='bbox 904 1642 942 1686; x_wconf 89' lang='lat' dir='ltr'>ea</span> <span class='ocrx_word' id='word_1_104' title='bbox 968 1622 1115 1687; x_wconf 87' lang='lat' dir='ltr'>vehendo</span> <span class='ocrx_word' id='word_1_105' title='bbox 1139 1623 1214 1685; x_wconf 88' lang='lat' dir='ltr'>teri-</span> 
     </span>
     <span class='ocr_line' id='line_1_14' title="bbox 149 1732 985 1816; baseline -0.002 -19"><span class='ocrx_word' id='word_1_106' title='bbox 149 1737 212 1815; x_wconf 91' lang='lat' dir='ltr'>tur,</span> <span class='ocrx_word' id='word_1_107' title='bbox 234 1734 297 1797; x_wconf 88' lang='lat' dir='ltr'>iter</span> <span class='ocrx_word' id='word_1_108' title='bbox 322 1734 452 1810; x_wconf 77' lang='lat' dir='ltr'>iterum3</span> <span class='ocrx_word' id='word_1_109' title='bbox 478 1736 569 1795; x_wconf 87' lang='lat' dir='ltr'>actus</span> <span class='ocrx_word' id='word_1_110' title='bbox 594 1733 680 1814; x_wconf 90' lang='lat' dir='ltr'>quod</span> <span class='ocrx_word' id='word_1_111' title='bbox 704 1733 827 1816; x_wconf 85' lang='lat' dir='ltr'>agendo</span> <span class='ocrx_word' id='word_1_112' title='bbox 851 1732 985 1797; x_wconf 86' lang='lat' dir='ltr'>teritur.’</span> 
     </span>
    </p>

    <p class='ocr_par' dir='ltr' id='par_1_5' title="bbox 150 1841 1215 2017">
     <span class='ocr_line' id='line_1_15' title="bbox 259 1841 1215 1926; baseline 0 -20"><span class='ocrx_word' id='word_1_113' title='bbox 259 1841 499 1906; x_wconf 82' lang='lat' dir='ltr'>Grossmannus</span> <span class='ocrx_word' id='word_1_114' title='bbox 539 1863 581 1906; x_wconf 82' lang='lat' dir='ltr'>cx</span> <span class='ocrx_word' id='word_1_115' title='bbox 615 1853 703 1926; x_wconf 89' lang='lat' dir='ltr'>parte</span> <span class='ocrx_word' id='word_1_116' title='bbox 722 1842 925 1906; x_wconf 85' lang='lat' dir='ltr'>emendasse</span> <span class='ocrx_word' id='word_1_117' title='bbox 963 1843 1042 1904; x_wconf 90' lang='lat' dir='ltr'>mihi</span> <span class='ocrx_word' id='word_1_118' title='bbox 1079 1842 1215 1906; x_wconf 80' lang='lat' dir='ltr'>videtur.</span> 
     </span>
     <span class='ocr_line' id='line_1_16' title="bbox 150 1952 391 2017; baseline -0.012 0"><span class='ocrx_word' id='word_1_119' title='bbox 150 1952 268 2017; x_wconf 83' lang='lat' dir='ltr'>Scribit</span> <span class='ocrx_word' id='word_1_120' title='bbox 290 1954 391 2016; x_wconf 92' lang='lat' dir='ltr'>enim:</span> 
     </span>
    </p>

    <p class='ocr_par' dir='ltr' id='par_1_6' title="bbox 310 2061 1217 2254">
     <span class='ocr_line' id='line_1_17' title="bbox 364 2061 1217 2145; baseline 0.005 -22"><span class='ocrx_word' id='word_1_121' title='bbox 364 2061 428 2124; x_wconf 88' lang='lat' dir='ltr'>Via</span> <span class='ocrx_word' id='word_1_122' title='bbox 461 2063 507 2124; x_wconf 92' lang='lat' dir='ltr'>sic</span> <span class='ocrx_word' id='word_1_123' title='bbox 540 2063 627 2142; x_wconf 88' lang='lat' dir='ltr'>item,</span> <span class='ocrx_word' id='word_1_124' title='bbox 660 2061 744 2143; x_wconf 91' lang='lat' dir='ltr'>quod</span> <span class='ocrx_word' id='word_1_125' title='bbox 776 2080 812 2124; x_wconf 90' lang='lat' dir='ltr'>ea</span> <span class='ocrx_word' id='word_1_126' title='bbox 836 2062 981 2126; x_wconf 82' lang='lat' dir='ltr'>vehendo</span> <span class='ocrx_word' id='word_1_127' title='bbox 1005 2063 1127 2145; x_wconf 89' lang='lat' dir='ltr'>teritur,</span> <span class='ocrx_word' id='word_1_128' title='bbox 1154 2065 1217 2127; x_wconf 89' lang='lat' dir='ltr'>iter</span> 
     </span>
     <span class='ocr_line' id='line_1_18' title="bbox 310 2167 924 2254; baseline 0.003 -20"><span class='ocrx_word' id='word_1_129' title='bbox 310 2167 403 2252; x_wconf 79' lang='lat' dir='ltr'>itu32)</span> <span class='ocrx_word' id='word_1_130' title='bbox 431 2175 520 2234; x_wconf 88' lang='lat' dir='ltr'>actus</span> <span class='ocrx_word' id='word_1_131' title='bbox 544 2170 632 2254; x_wconf 89' lang='lat' dir='ltr'>quod</span> <span class='ocrx_word' id='word_1_132' title='bbox 655 2170 778 2252; x_wconf 84' lang='lat' dir='ltr'>agendo</span> <span class='ocrx_word' id='word_1_133' title='bbox 803 2172 924 2236; x_wconf 89' lang='lat' dir='ltr'>teritur.</span> 
     </span>
    </p>

    <p class='ocr_par' dir='ltr' id='par_1_7' title="bbox 153 2280 1217 2585">
     <span class='ocr_line' id='line_1_19' title="bbox 259 2280 1217 2357; baseline 0 -12"><span class='ocrx_word' id='word_1_134' title='bbox 259 2282 331 2357; x_wconf 77' lang='lat' dir='ltr'>Qua</span> <span class='ocrx_word' id='word_1_135' title='bbox 354 2281 578 2345; x_wconf 88' lang='lat' dir='ltr'>emendatione</span> <span class='ocrx_word' id='word_1_136' title='bbox 600 2281 693 2343; x_wconf 89' lang='lat' dir='ltr'>locus</span> <span class='ocrx_word' id='word_1_137' title='bbox 723 2284 831 2343; x_wconf 87' lang='lat' dir='ltr'>noster</span> <span class='ocrx_word' id='word_1_138' title='bbox 864 2280 1010 2344; x_wconf 88' lang='lat' dir='ltr'>similiter</span> <span class='ocrx_word' id='word_1_139' title='bbox 1032 2282 1217 2345; x_wconf 84' lang='lat' dir='ltr'>restituitur</span> 
     </span>
     <span class='ocr_line' id='line_1_20' title="bbox 153 2390 1213 2475; baseline 0.002 -22"><span class='ocrx_word' id='word_1_140' title='bbox 153 2396 248 2470; x_wconf 79' lang='lat' dir='ltr'>atque</span> <span class='ocrx_word' id='word_1_141' title='bbox 280 2391 319 2454; x_wconf 91' lang='lat' dir='ltr'>ab</span> <span class='ocrx_word' id='word_1_142' title='bbox 344 2390 480 2474; x_wconf 83' lang='lat' dir='ltr'>Georgio</span> <span class='ocrx_word' id='word_1_143' title='bbox 503 2390 646 2467; x_wconf 84' lang='lat' dir='ltr'>Thilone‚</span> <span class='ocrx_word' id='word_1_144' title='bbox 681 2391 737 2473; x_wconf 93' lang='lat' dir='ltr'>qui</span> <span class='ocrx_word' id='word_1_145' title='bbox 763 2392 799 2453; x_wconf 90' lang='lat' dir='ltr'>in</span> <span class='ocrx_word' id='word_1_146' title='bbox 822 2411 895 2455; x_wconf 87' lang='lat' dir='ltr'>nov.</span> <span class='ocrx_word' id='word_1_147' title='bbox 926 2391 1030 2453; x_wconf 89' lang='lat' dir='ltr'>annal.</span> <span class='ocrx_word' id='word_1_148' title='bbox 1053 2391 1161 2475; x_wconf 86' lang='lat' dir='ltr'>philol.</span> <span class='ocrx_word' id='word_1_149' title='bbox 1186 2411 1213 2456; x_wconf 90' lang='lat' dir='ltr'>a.</span> 
     </span>
     <span class='ocr_line' id='line_1_21' title="bbox 154 2500 1058 2585; baseline 0 -23"><span class='ocrx_word' id='word_1_150' title='bbox 154 2502 239 2564; x_wconf 83' lang='grc'><strong>1855</strong></span> <span class='ocrx_word' id='word_1_151' title='bbox 263 2522 292 2585; x_wconf 91' lang='lat' dir='ltr'>p.</span> <span class='ocrx_word' id='word_1_152' title='bbox 318 2501 380 2563; x_wconf 81' lang='lat'>532</span> <span class='ocrx_word' id='word_1_153' title='bbox 405 2519 479 2562; x_wconf 89' lang='lat' dir='ltr'>eum</span> <span class='ocrx_word' id='word_1_154' title='bbox 504 2500 685 2563; x_wconf 88' lang='lat' dir='ltr'>sanandum</span> <span class='ocrx_word' id='word_1_155' title='bbox 709 2519 778 2564; x_wconf 91' lang='lat' dir='ltr'>esse</span> <span class='ocrx_word' id='word_1_156' title='bbox 801 2500 975 2564; x_wconf 87' lang='lat' dir='ltr'>arbitratur</span> <span class='ocrx_word' id='word_1_157' title='bbox 999 2502 1058 2564; x_wconf 90' lang='lat' dir='ltr'>sic:</span> 
     </span>
    </p>

    <p class='ocr_par' dir='ltr' id='par_1_8' title="bbox 152 2609 1214 2800">
     <span class='ocr_line' id='line_1_22' title="bbox 261 2609 1214 2692; baseline -0.002 -20"><span class='ocrx_word' id='word_1_158' title='bbox 261 2610 336 2691; x_wconf 81' lang='lat' dir='ltr'>(sic)</span> <span class='ocrx_word' id='word_1_159' title='bbox 358 2611 411 2672; x_wconf 85' lang='lat' dir='ltr'>via</span> <span class='ocrx_word' id='word_1_160' title='bbox 435 2628 564 2692; x_wconf 90' lang='lat' dir='ltr'>qnoque</span> <span class='ocrx_word' id='word_1_161' title='bbox 588 2610 714 2691; x_wconf 86' lang='lat' dir='ltr'>dicitur,</span> <span class='ocrx_word' id='word_1_162' title='bbox 745 2611 832 2692; x_wconf 89' lang='lat' dir='ltr'>quod</span> <span class='ocrx_word' id='word_1_163' title='bbox 856 2629 893 2673; x_wconf 87' lang='lat' dir='ltr'>ea</span> <span class='ocrx_word' id='word_1_164' title='bbox 915 2609 1063 2673; x_wconf 86' lang='lat' dir='ltr'>vehendo</span> <span class='ocrx_word' id='word_1_165' title='bbox 1086 2609 1214 2688; x_wconf 80' lang='lat' dir='ltr'>teritur3</span> 
     </span>
     <span class='ocr_line' id='line_1_23' title="bbox 152 2719 520 2800; baseline 0.005 -20"><span class='ocrx_word' id='word_1_166' title='bbox 152 2720 213 2782; x_wconf 90' lang='lat' dir='ltr'>iter</span> <span class='ocrx_word' id='word_1_167' title='bbox 229 2719 314 2800; x_wconf 89' lang='lat' dir='ltr'>quod</span> <span class='ocrx_word' id='word_1_168' title='bbox 329 2720 378 2782; x_wconf 88' lang='lat' dir='ltr'>itu</span> <span class='ocrx_word' id='word_1_169' title='bbox 396 2721 520 2783; x_wconf 88' lang='lat' dir='ltr'>teritur.</span> 
     </span>
    </p>

    <p class='ocr_par' dir='ltr' id='par_1_9' title="bbox 76 2825 1217 3457">
     <span class='ocr_line' id='line_1_24' title="bbox 261 2825 1216 2895; baseline -0.001 -6"><span class='ocrx_word' id='word_1_170' title='bbox 261 2825 324 2890; x_wconf 82' lang='lat' dir='ltr'>Sed</span> <span class='ocrx_word' id='word_1_171' title='bbox 348 2848 366 2890; x_wconf 90' lang='lat' dir='ltr'>a</span> <span class='ocrx_word' id='word_1_172' title='bbox 388 2830 503 2892; x_wconf 87' lang='lat' dir='ltr'>tradita</span> <span class='ocrx_word' id='word_1_173' title='bbox 525 2830 662 2892; x_wconf 89' lang='lat' dir='ltr'>lectione</span> <span class='ocrx_word' id='word_1_174' title='bbox 686 2848 762 2891; x_wconf 92' lang='lat' dir='ltr'>cum</span> <span class='ocrx_word' id='word_1_175' title='bbox 783 2828 840 2890; x_wconf 89' lang='lat' dir='ltr'>illa</span> <span class='ocrx_word' id='word_1_176' title='bbox 859 2826 1079 2895; x_wconf 84' lang='lat' dir='ltr'>Grossmanni</span> <span class='ocrx_word' id='word_1_177' title='bbox 1092 2827 1216 2890; x_wconf 91' lang='lat' dir='ltr'>coniec-</span> 
     </span>
     <span class='ocr_line' id='line_1_25' title="bbox 154 2934 1215 3019; baseline 0 -21"><span class='ocrx_word' id='word_1_178' title='bbox 154 2941 226 3000; x_wconf 92' lang='lat' dir='ltr'>tura</span> <span class='ocrx_word' id='word_1_179' title='bbox 249 2934 313 3000; x_wconf 88' lang='lat' dir='ltr'>fere</span> <span class='ocrx_word' id='word_1_180' title='bbox 336 2938 417 2999; x_wconf 90' lang='lat' dir='ltr'>nihil</span> <span class='ocrx_word' id='word_1_181' title='bbox 439 2938 576 3019; x_wconf 91' lang='lat' dir='ltr'>recedat,</span> <span class='ocrx_word' id='word_1_182' title='bbox 606 2937 744 3000; x_wconf 86' lang='lat' dir='ltr'>formula</span> <span class='ocrx_word' id='word_1_183' title='bbox 773 2957 850 3001; x_wconf 84' lang='lat' dir='ltr'>vero</span> <span class='ocrx_word' id='word_1_184' title='bbox 876 2936 933 3000; x_wconf 67' lang='lat' dir='ltr'>‘sic</span> <span class='ocrx_word' id='word_1_185' title='bbox 955 2936 1042 3000; x_wconf 90' lang='lat' dir='ltr'>item’</span> <span class='ocrx_word' id='word_1_186' title='bbox 1072 2937 1111 2999; x_wconf 87' lang='lat' dir='ltr'>ad</span> <span class='ocrx_word' id='word_1_187' title='bbox 1134 2935 1215 2999; x_wconf 87' lang='lat' dir='ltr'>Var-</span> 
     </span>
     <span class='ocr_line' id='line_1_26' title="bbox 153 3046 1216 3131; baseline 0.002 -24"><span class='ocrx_word' id='word_1_188' title='bbox 153 3047 325 3109; x_wconf 89' lang='lat' dir='ltr'>ronianum</span> <span class='ocrx_word' id='word_1_189' title='bbox 349 3066 452 3130; x_wconf 86' lang='lat' dir='ltr'>genus</span> <span class='ocrx_word' id='word_1_190' title='bbox 477 3047 605 3111; x_wconf 90' lang='lat' dir='ltr'>dicendi</span> <span class='ocrx_word' id='word_1_191' title='bbox 628 3048 770 3110; x_wconf 82' lang='lat' dir='ltr'>maxime</span> <span class='ocrx_word' id='word_1_192' title='bbox 793 3049 958 3131; x_wconf 84' lang='lat' dir='ltr'>pertineat,</span> <span class='ocrx_word' id='word_1_193' title='bbox 989 3048 1037 3110; x_wconf 91' lang='lat' dir='ltr'>illi</span> <span class='ocrx_word' id='word_1_194' title='bbox 1069 3046 1216 3109; x_wconf 85' lang='lat' dir='ltr'>emende-</span> 
     </span>
     <span class='ocr_line' id='line_1_27' title="bbox 153 3155 1217 3239; baseline 0 -23"><span class='ocrx_word' id='word_1_195' title='bbox 153 3155 249 3218; x_wconf 88' lang='lat' dir='ltr'>tionis</span> <span class='ocrx_word' id='word_1_196' title='bbox 284 3156 423 3238; x_wconf 90' lang='lat' dir='ltr'>palmam</span> <span class='ocrx_word' id='word_1_197' title='bbox 458 3156 599 3220; x_wconf 90' lang='lat' dir='ltr'>tribuere</span> <span class='ocrx_word' id='word_1_198' title='bbox 634 3175 699 3218; x_wconf 91' lang='lat' dir='ltr'>non</span> <span class='ocrx_word' id='word_1_199' title='bbox 735 3156 856 3219; x_wconf 89' lang='lat' dir='ltr'>dubito.</span> <span class='ocrx_word' id='word_1_200' title='bbox 911 3155 1116 3239; x_wconf 80' lang='lat' dir='ltr'>Quamquam</span> <span class='ocrx_word' id='word_1_201' title='bbox 1150 3173 1217 3217; x_wconf 93' lang='lat' dir='ltr'>non</span> 
     </span>
     <span class='ocr_line' id='line_1_28' title="bbox 154 3262 1215 3342; baseline 0.003 -18"><span class='ocrx_word' id='word_1_202' title='bbox 154 3262 236 3327; x_wconf 89' lang='lat' dir='ltr'>bene</span> <span class='ocrx_word' id='word_1_203' title='bbox 260 3283 332 3327; x_wconf 86' lang='lat' dir='ltr'>eum</span> <span class='ocrx_word' id='word_1_204' title='bbox 357 3265 500 3330; x_wconf 87' lang='lat' dir='ltr'>remedio</span> <span class='ocrx_word' id='word_1_205' title='bbox 524 3287 543 3329; x_wconf 89' lang='lat' dir='ltr'>a</span> <span class='ocrx_word' id='word_1_206' title='bbox 566 3285 600 3329; x_wconf 88' lang='lat' dir='ltr'>se</span> <span class='ocrx_word' id='word_1_207' title='bbox 622 3267 754 3328; x_wconf 82' lang='lat' dir='ltr'>invento</span> <span class='ocrx_word' id='word_1_208' title='bbox 784 3286 880 3329; x_wconf 90' lang='lat' dir='ltr'>usum</span> <span class='ocrx_word' id='word_1_209' title='bbox 905 3285 974 3330; x_wconf 90' lang='lat' dir='ltr'>esse</span> <span class='ocrx_word' id='word_1_210' title='bbox 999 3266 1104 3342; x_wconf 81' lang='lat' dir='ltr'>dole03</span> <span class='ocrx_word' id='word_1_211' title='bbox 1140 3285 1215 3328; x_wconf 89' lang='lat' dir='ltr'>nam</span> 
     </span>
     <span class='ocr_line' id='line_1_29' title="bbox 76 3375 589 3457; baseline 0.004 -23"><span class='ocrx_word' id='word_1_212' title='bbox 76 3410 79 3416; x_wconf 93' lang='lat'><em>-</em></span> <span class='ocrx_word' id='word_1_213' title='bbox 156 3392 239 3455; x_wconf 88' lang='lat' dir='ltr'>quae</span> <span class='ocrx_word' id='word_1_214' title='bbox 262 3375 408 3457; x_wconf 89' lang='lat' dir='ltr'>sequitur</span> <span class='ocrx_word' id='word_1_215' title='bbox 431 3376 589 3438; x_wconf 87' lang='lat' dir='ltr'>sententia</span> 
     </span>
    </p>

    <p class='ocr_par' dir='ltr' id='par_1_10' title="bbox 154 3482 1217 3785">
     <span class='ocr_line' id='line_1_30' title="bbox 369 3482 1006 3566; baseline 0.003 -20"><span class='ocrx_word' id='word_1_216' title='bbox 369 3483 465 3565; x_wconf 70' lang='lat' dir='ltr'>‘quod</span> <span class='ocrx_word' id='word_1_217' title='bbox 489 3502 526 3546; x_wconf 91' lang='lat' dir='ltr'>ea</span> <span class='ocrx_word' id='word_1_218' title='bbox 550 3482 694 3546; x_wconf 90' lang='lat' dir='ltr'>vehendo</span> <span class='ocrx_word' id='word_1_219' title='bbox 719 3484 842 3566; x_wconf 87' lang='lat' dir='ltr'>teritur,</span> <span class='ocrx_word' id='word_1_220' title='bbox 864 3486 924 3548; x_wconf 89' lang='lat' dir='ltr'>iter</span> <span class='ocrx_word' id='word_1_221' title='bbox 947 3485 1006 3548; x_wconf 88' lang='lat' dir='ltr'>itu’</span> 
     </span>
     <span class='ocr_line' id='line_1_31' title="bbox 155 3591 1217 3680; baseline 0.002 -27"><span class='ocrx_word' id='word_1_222' title='bbox 155 3591 255 3672; x_wconf 89' lang='lat' dir='ltr'>docet,</span> <span class='ocrx_word' id='word_1_223' title='bbox 278 3593 412 3655; x_wconf 90' lang='lat' dir='ltr'>nomina</span> <span class='ocrx_word' id='word_1_224' title='bbox 436 3597 619 3674; x_wconf 89' lang='lat' dir='ltr'>quaesunt</span> <span class='ocrx_word' id='word_1_225' title='bbox 643 3595 696 3656; x_wconf 89' lang='lat' dir='ltr'>via</span> <span class='ocrx_word' id='word_1_226' title='bbox 720 3599 751 3656; x_wconf 90' lang='lat' dir='ltr'>et</span> <span class='ocrx_word' id='word_1_227' title='bbox 773 3595 842 3678; x_wconf 87' lang='lat' dir='ltr'>iter,</span> <span class='ocrx_word' id='word_1_228' title='bbox 870 3615 1007 3680; x_wconf 90' lang='lat' dir='ltr'>quorum</span> <span class='ocrx_word' id='word_1_229' title='bbox 1032 3613 1097 3657; x_wconf 92' lang='lat' dir='ltr'>uno</span> <span class='ocrx_word' id='word_1_230' title='bbox 1122 3595 1217 3676; x_wconf 89' lang='lat' dir='ltr'>quasi</span> 
     </span>
     <span class='ocr_line' id='line_1_32' title="bbox 154 3702 1217 3785; baseline 0.006 -24"><span class='ocrx_word' id='word_1_231' title='bbox 154 3719 209 3762; x_wconf 92' lang='lat' dir='ltr'>ore</span> <span class='ocrx_word' id='word_1_232' title='bbox 232 3702 412 3783; x_wconf 81' lang='lat' dir='ltr'>veriloquio</span> <span class='ocrx_word' id='word_1_233' title='bbox 436 3703 654 3785; x_wconf 89' lang='lat' dir='ltr'>ostendantur,</span> <span class='ocrx_word' id='word_1_234' title='bbox 688 3722 753 3765; x_wconf 90' lang='lat' dir='ltr'>non</span> <span class='ocrx_word' id='word_1_235' title='bbox 787 3703 882 3765; x_wconf 92' lang='lat' dir='ltr'>modo</span> <span class='ocrx_word' id='word_1_236' title='bbox 911 3709 1004 3766; x_wconf 88' lang='lat' dir='ltr'>antea</span> <span class='ocrx_word' id='word_1_237' title='bbox 1039 3708 1217 3785; x_wconf 90' lang='lat' dir='ltr'>utrumque</span> 
     </span>
    </p>
   </div>
   <div class='ocr_carea' id='block_1_4' title="bbox 261 3948 684 4109">
    <p class='ocr_par' dir='ltr' id='par_1_11' title="bbox 261 3948 684 4109">
     <span class='ocr_line' id='line_1_33' title="bbox 261 3948 684 4018; baseline 0.019 -17"><span class='ocrx_word' id='word_1_238' title='bbox 261 3948 287 4018; x_wconf 80' lang='lat'>1)</span> <span class='ocrx_word' id='word_1_239' title='bbox 306 3949 369 4002; x_wconf 86' lang='lat' dir='ltr'>Diss</span> <span class='ocrx_word' id='word_1_240' title='bbox 395 3949 544 4018; x_wconf 83' lang='lat' dir='ltr'>Regimont.</span> <span class='ocrx_word' id='word_1_241' title='bbox 564 3967 587 4005; x_wconf 87' lang='lat' dir='ltr'>a.</span> <span class='ocrx_word' id='word_1_242' title='bbox 608 3951 684 4010; x_wconf 84' lang='lat'>1880.</span> 
     </span>
     <span class='ocr_line' id='line_1_34' title="bbox 262 4039 623 4109; baseline 0.006 -15"><span class='ocrx_word' id='word_1_243' title='bbox 262 4039 623 4109; x_wconf 48' lang='lat' dir='ltr'>fflffistdffiwm</span> 
     </span>
    </p>
   </div>
   <div class='ocr_carea' id='block_1_5' title="bbox 0 0 1403 4614">
    <p class='ocr_par' dir='ltr' id='par_1_12' title="bbox 0 0 1403 4614">
     <span class='ocr_line' id='line_1_35' title="bbox 0 0 1403 4614; baseline 0 0"><span class='ocrx_word' id='word_1_244' title='bbox 0 0 1403 4614; x_wconf 95' lang='lat' dir='ltr'> </span> 
     </span>
    </p>
   </div>
  </div>
 </body>
</html>
