2782 4614
664 324 726 388 101

151 514 257 578 scribi
273 518 377 598 potest
400 512 537 594 itaque,
571 513 605 576 id
630 515 713 597 quod
738 515 840 578 codex
864 514 892 577 B
917 520 948 579 et
974 515 1067 580 lectio
1091 518 1222 601 vulgata

161 624 327 702 exhibent3
354 643 450 705 quam
475 642 532 706 ego
557 625 688 705 quidem
712 625 880 687 lectionem
905 608 1054 689 omnibus
1087 627 1222 708 reliquis

81 736 83 740 ’
161 753 242 817 quae
267 738 343 797 sunt
363 735 525 796 coniectae
540 733 693 815 praefero.
730 733 923 797 Vertranius
939 738 1046 798 autem
1061 755 1119 819 pro
1133 735 1221 818 ‘qua'

158 843 317 906 vocabulo
354 843 524 925 legendum
563 843 699 905 coniecit
732 842 839 925 ‘quia',
875 863 971 925 quam
1004 846 1223 909 coniecturam

120 941 122 944 ⁵
159 957 245 1036 recte
277 953 394 1016 factam
427 971 497 1016 esse
533 951 722 1034 Spengelius
755 953 790 1014 in
822 953 960 1016 editione
985 957 1157 1036 existimat,
1186 958 1221 1018 in

159 1063 418 1126 emendationum
442 1063 497 1124 illo
522 1062 696 1144 specimine
719 1061 839 1125 reicere
863 1060 1006 1143 debuit²l

265 1171 321 1252 VI,
344 1171 363 1254 ξ
389 1174 440 1247 24,
462 1192 491 1253 p.
517 1173 580 1233 205
616 1172 651 1232 in
675 1170 839 1234 codicibus
863 1174 1015 1255 scriptum
1042 1179 1103 1238 est:
1140 1174 1222 1238 ‘Hoc

160 1281 351 1344 sacrificium
374 1281 411 1343 fit
433 1283 467 1343 in
492 1280 640 1360 Velabro⁷
674 1282 750 1362 quia
779 1282 817 1343 in·
846 1301 965 1345 novam
995 1285 1081 1346 viam
1105 1285 1223 1364 exitur,
1280 1368 1286 1377 ἱ

103 1472 106 1478 ¹
161 1396 197 1455 ut
221 1393 313 1454 aiunt
337 1391 478 1474 quidam,
502 1390 541 1452 ad
559 1391 744 1473 sepulcrum
767 1391 898 1459 Accae';
924 1392 1128 1456 scribendum
1154 1412 1230 1479 esse
1255 1457 1258 1463 .

161 1501 245 1583 ‘qua'
268 1502 353 1564 inter
377 1519 488 1563 omnes
513 1505 604 1562 const
624 1505 645 1563 t.

267 1609 322 1692 VI,
346 1611 365 1692 ξ
386 1610 437 1691 36,
460 1630 488 1692 p.
514 1609 576 1671 216
601 1630 689 1673 unus
719 1612 753 1673 in
777 1610 827 1674 his
849 1610 941 1674 libris
968 1612 1058 1674 locus
1091 1616 1139 1675 est
1165 1612 1223 1675 ubi

162 1719 259 1802 ‘quia’
298 1741 355 1803 pro
393 1726 477 1782 certo
518 1723 648 1782 constat.
714 1719 821 1783 Verba
857 1726 934 1784 sunt
956 1722 1048 1784 haec:
1085 1719 1222 1784 ‘Horum

160 1828 334 1892 verborum
358 1831 385 1892 si
408 1830 599 1912 primigenia
623 1834 699 1892 sunt
722 1830 762 1892 ad
786 1830 872 1893 mille
895 1868 947 1911 —‚
971 1849 1013 1893 ex
1036 1849 1147 1894 eorum
1171 1831 1223 1894 de-

162 1937 389 2002 clinationibus
414 1937 585 2001 verborum
610 1938 794 2001 discrimina
825 1942 1001 2023 quingenta
1034 1940 1123 2002 milia
1154 1959 1224 2004 esse

161 2052 297 2130 possunt
337 2049 408 2116 ideo
442 2049 517 2133 quia
553 2049 689 2131 singulis
727 2049 834 2112 verbis
867 2051 1067 2134 primigeniis
1100 2052 1225 2114 circiter

162 2159 355 2242 quingentae
380 2158 503 2239 species
528 2157 796 2222 declinationibus
819 2159 921 2221 fiunt'.

270 2267 325 2348 VI,
348 2265 367 2352 ᾗ
390 2268 431 2329 41
456 2288 487 2350 p.
514 2268 577 2329 226
611 2269 757 2331 omnium
788 2268 935 2332 codicum
965 2268 1028 2332 fide
1051 2269 1130 2331 haec
1152 2288 1225 2352 par-

162 2377 262 2439 ticula
285 2377 401 2440 tradita
426 2381 473 2440 est
496 2377 555 2439 sic:
593 2375 688 2439 ‘Hinc
719 2379 827 2460 agitur
858 2397 957 2462 pecus
989 2383 1119 2460 pastum
1151 2381 1227 2462 quia

162 2487 219 2547 vix
250 2487 300 2567 agi
333 2491 443 2568 potest.
489 2486 575 2549 Hinc
607 2489 819 2570 angiportum,
855 2507 920 2569 qua
951 2489 999 2550 nil
1032 2494 1136 2573 potest
1166 2491 1225 2572 agi.

162 2592 249 2656 Hinc
273 2596 423 2679 angulus,
457 2596 542 2677 quod
574 2596 605 2657 in
641 2615 678 2659 eo
712 2597 803 2660 locus
835 2600 1085 2681 angustissimus
1110 2601 1226 2681 quoius

162 2702 226 2765 loci
250 2704 277 2766 is
303 2704 462 2787 angulus’.

268 2813 372 2875 Aliter
395 2815 570 2876 orationem
595 2800 772 2877 Muellerus
798 2817 954 2899 distinxit,
977 2817 1139 2879 translatis
1164 2817 1227 2880 illis

161 2918 236 3002 ‘qua
260 2920 325 3006 (sic
348 2929 433 2986 recte
457 2925 583 3006 scripsit
606 2924 762 2988 editiones
788 2927 930 3005 secutus)
958 2927 1015 3006 vix
1039 2927 1090 3008 agi
1113 2926 1226 3008 potest’

160 3049 242 3112 quae
274 3052 292 3094 a
319 3033 539 3116 superioribus
563 3035 761 3117 seiungenda
784 3053 853 3098 esse
876 3037 985 3111 sensit,
1009 3055 1076 3098 non
1092 3040 1164 3120 apte
1187 3037 1229 3100 ad

160 3119 343 3225 ‘angiporti’
374 3143 579 3220 notationem,
614 3145 664 3206 his
698 3149 806 3208 autem
842 3143 917 3227 ‘qua
949 3145 997 3206 nil
1029 3149 1133 3227 potest
1165 3145 1227 3230 agi'

160 3252 350 3334 pravissime
367 3252 409 3315 ad
432 3251 573 3334 tanguli’,
601 3260 632 3316 et
648 3253 754 3316 addito
781 3253 851 3316 ‘vel'
869 3258 944 3316 ante
961 3252 1079 3336 ‘quod’.
1125 3255 1229 3319 Mani-

160 3359 277 3423 festum
303 3368 350 3425 est
374 3362 499 3445 aliquid
525 3362 693 3442 excidisse,
718 3381 793 3424 cum
808 3364 875 3426 fere
898 3364 943 3426 sic
959 3364 1114 3446 scriptum
1131 3370 1227 3428 esset:

269 3519 296 3588 1)
314 3519 462 3572 Muellerus
481 3519 520 3572 sio
540 3518 646 3572 scribit:
672 3519 714 3556 ‘-
733 3519 772 3571 ita
791 3517 840 3586 qui
859 3519 939 3573 homo
957 3520 986 3572 in
1005 3522 1098 3591 pratis,
1123 3523 1202 3590 perf
1218 3553 1229 3562 -

160 3609 264 3664 nisecta
282 3612 378 3678 eundo,
404 3610 522 3663 festucas
541 3610 664 3681 corradit,
684 3627 736 3678 quo
756 3612 788 3665 ab
807 3628 871 3666 rasu
889 3611 990 3666 rastelli
1010 3611 1099 3680 dicti'3
1130 3615 1231 3682 quain

160 3700 277 3756 lectione
296 3702 459 3771 gerundium
478 3701 648 3766 potissimum
667 3703 738 3772 quod
757 3707 797 3756 est
819 3705 921 3758 ‘eundo’
941 3703 1083 3758 offensioni
1102 3706 1151 3758 est.
1188 3705 1228 3758 De

160 3793 247 3848 forma
259 3792 324 3863 ‘qui’
339 3794 387 3848 cfr.
406 3793 469 3863 Ἓξ
485 3795 527 3861 21,
547 3810 572 3861 p.
586 3794 620 3847 31
641 3794 743 3863 (Groth.
762 3812 787 3863 p.
803 3796 844 3862 19,
864 3796 963 3865 1127),
981 3795 1029 3863 VI,
1049 3795 1121 3865 §82,
1140 3813 1167 3864 p.
1177 3796 1230 3850 259

162 3884 265 3954 (Groth.
284 3903 310 3954 p.
324 3887 367 3955 33,
387 3902 415 3940 n.
430 3885 503 3954 175);
514 3885 547 3953 V,
561 3885 577 3954 ξ
592 3887 651 3953 124,
661 3901 687 3954 p.
701 3886 791 3956 129ςὲ
805 3888 864 3953 166,
875 3905 898 3957 p.
914 3888 977 3952 166,
988 3886 1005 3956 ἐ
1018 3887 1078 3955 114,
1089 3905 1113 3956 p.
1127 3887 1178 3941 119
1186 3887 1229 3957 (⁴2).

161 3977 242 4030 Der.
263 3993 284 4034 r.
309 3978 358 4048 ΙΠ,
378 3980 403 4046 2,
423 3978 471 4043 12,
499 3976 534 4044 ΙΙ,
554 3978 578 4041 1,
598 3977 645 4044 28,
675 3979 766 4045 1,17,
796 3979 881 4046 1,16.
927 3978 949 4044 Ι,
968 3977 1011 4041 38,
1032 3980 1060 4043 1,
1088 3980 1131 4048 24,
1149 3979 1175 4032 4.
1197 4009 1230 4016 -

163 4067 217 4124 Sat.
237 4068 308 4124 Men.
328 4088 354 4139 p.
375 4069 435 4137 209,
454 4069 519 4134 525,
544 4085 569 4137 p.
591 4071 650 4138 195,
669 4070 735 4136 376,
765 4071 865 4139 pilo,
886 4070 944 4125 100.
974 4101 1008 4108 —
1035 4069 1076 4122 De
1095 4069 1153 4124 vita
1172 4086 1230 4141 pop.

161 4175 228 4218 rom.
248 4179 274 4230 p.
293 4161 335 4228 29,
356 4161 403 4226 53,
423 4160 466 4231 27,
484 4161 533 4227 41,
554 4160 596 4228 29,
616 4161 707 4230 orl).
