2782 4614
663 297 725 362 104

159 489 295 553 Victorii
310 489 481 553 lectionem
498 487 730 571 ‘aspernantur’
747 490 937 574 repudiarit,
952 489 988 550 in
1003 507 1040 551 ec
1055 491 1226 570 peccatum

160 599 305 676 admisit3
331 617 389 682 ege
407 617 482 660 cum
497 596 638 662 Gesnerc
652 601 843 687 adstipulari
859 598 1003 662 Victoria
1020 616 1086 659 non
1103 597 1226 660 dubit0.

266 708 417 771 Alterum
441 706 519 769 illud
542 711 718 790 particulae
742 709 927 791 exemplum
956 706 1130 769 delendum
1154 725 1228 770 esse

161 819 238 899 dixi,
261 818 286 898 I,
312 818 363 894 19,
388 819 408 880 1
433 817 483 879 ‘In
499 836 536 880 ec
553 837 688 883 numero
706 840 771 883 nen
788 819 883 881 mcdc
900 817 958 899 qui
981 821 1072 898 prata
1095 816 1227 897 habent,

159 935 196 991 ut
218 929 324 1010 potius
349 947 424 991 oves
449 948 545 1011 quam
562 948 637 1003 sues
652 929 799 1007 habeant,
824 930 947 1006 curant,
971 925 1145 989 sedetiam
1169 929 1226 1010 qui

160 1042 250 1120 prata
272 1057 338 1100 ucn
354 1037 481 1118 habant,
505 1040 659 1119 quianon
678 1038 783 1100 solum
805 1029 970 1121 pratorum
993 1054 1092 1098 causa
1107 1036 1237 1101 habere⁸

160 1147 285 1228 debent,
322 1147 377 1210 sed
411 1149 507 1209 etiam
531 1152 660 1230 propter
683 1147 824 1210 stercus'.
871 1145 1044 1209 ‘Posterior
1067 1147 1227 1209 enuntiati

160 1275 233 1338 pars
256 1257 301 1318 ita
325 1258 512 1320 auctoritate
540 1259 687 1321 ecdicum
721 1257 891 1321 scribenda
926 1260 988 1319 est:
1025 1254 1093 1318 ‘sed
1127 1257 1227 1328 etiam

162 1365 218 1446 qui
241 1383 307 1426 ncn
332 1366 438 1428 scium
461 1371 625 1449 pratorum
650 1387 747 1430 causa
770 1367 896 1446 habent,
929 1365 1227 1457 propterustercus’.

160 1471 299 1556 Reliqua
333 1476 429 1554 enim,
463 1481 499 1538 ut
535 1477 725 1539 sententiam
760 1479 839 1540 satis
875 1478 971 1539 etiam
1006 1475 1041 1536 in
1076 1475 1228 1537 codicum

161 1584 329 1667 scriptura,
366 1605 463 1667 qnam
497 1588 632 1667 restitui,
666 1588 869 1669 perspicuam
905 1585 1007 1668 magis
1040 1583 1230 1664 illustraret,

163 1692 286 1754 addidit
308 1693 494 1758 Iucundus'.
542 1694 636 1781 (Keil.
659 1717 688 1778 p.
714 1695 780 1778 34).

266 1801 442 1884 Reliquum
477 1809 534 1884 est,
568 1810 605 1867 ut
629 1806 708 1868 dues
732 1807 817 1868 lecca
847 1805 901 1886 qui
929 1804 1000 1866 iure
1034 1804 1230 1884 particulam

161 1909 323 1992 praebent,
359 1911 552 1990 describam;
590 1915 645 1996 qui
677 1917 754 1977 sunt
788 1933 875 1975 unus
909 1911 968 1993 III,
999 1913 1026 1992 9,
1058 1913 1099 1974 19
1127 1911 1230 1995 (Hae

161 2017 294 2082 Melicae
317 2022 421 2104 primo
446 2021 644 2104 dicebantur,
668 2024 745 2105 quia
768 2043 809 2085 ex
826 2022 932 2086 Media
955 2026 1083 2105 propter
1102 2024 1230 2105 magni—

162 2129 307 2194 tudinem
332 2138 423 2194 erant
446 2131 595 2221 allatae'),
618 2133 698 2196 alter
720 2132 779 2214 111,
797 2134 847 2214 16,
865 2135 897 2210 l,
931 2151 994 2214 quo
1010 2132 1080 2194 1000
1098 2132 1230 2215 Appius

162 2243 194 2301 et
211 2239 318 2303 Axius
341 2242 427 2304 inter
450 2261 484 2305 se
508 2243 680 2307 disserunt.
726 2243 840 2324 ltaque
856 2242 983 2325 Appius
1000 2260 1074 2303 cum
1092 2240 1232 2304 dixisset

163 2345 381 2431 ‘Relinquitur
415 2353 454 2415 de
488 2355 633 2436 pastione
664 2354 805 2415 villatica
838 2353 949 2416 tertius
986 2356 1075 2414 actus
1106 2351 1145 2414 10
1179 2352 1230 2433 pi-

162 2457 271 2519 scinis’
291 2459 398 2522 Axius
417 2463 589 2543 respondet
611 2464 702 2525 haec:
729 2460 826 2536 ‘Quid
849 2462 989 2526 tertius?
1013 2461 1067 2522 An
1092 2461 1167 2542 quia
1191 2467 1231 2523 tu

162 2566 275 2630 solitus
299 2571 391 2632 asin
415 2570 627 2634 adolescentia
661 2577 718 2635 tua
742 2572 828 2635 demi
851 2572 995 2634 mulsum
1025 2589 1089 2632 non
1114 2569 1228 2634 bibere

161 2681 290 2759 propter
312 2681 550 2762 parsimoniam,
575 2702 632 2745 ncs
656 2683 719 2745 mel
743 2678 1000 2765 negligemus’?l)

270 2785 433 2854 Particula
457 2790 620 2876 Forsitan,
645 2812 743 2874 quam
776 2812 939 2874 nusquam
973 2790 1115 2854 inveniri
1138 2789 1227 2871 apud

162 2945 375 2957 -—-——.

270 3035 296 3104 1)
315 3036 435 3090 Coniecit
452 3037 522 3089 hanc
541 3039 701 3104 particulam
719 3038 861 3091 Madvicus
880 3038 901 3103 1,
922 3040 946 3103 1,
966 3039 982 3091 5
1003 3036 1062 3106 (cfr.
1080 3035 1147 3088 hdr.
1167 3033 1229 3089 crit.

162 3143 188 3195 p.
212 3128 288 3196 mat:
317 3129 455 3196 ‘Primum
484 3129 530 3196 qui
558 3145 650 3182 ornnes
678 3129 781 3182 fructus
809 3129 988 3198 agriculturae
1013 3127 1086 3181 caelo
1110 3130 1137 3178 01
1155 3126 1230 3179 terra

163 3219 306 3288 continent,
325 3221 418 3274 Iovem
436 3222 463 3274 ct
480 3211 629 3274 Tellurem'.
666 3219 710 3273 Sic
738 3220 851 3276 codices.
881 3221 1022 3274 Madricus
1051 3220 1141 3273 autem
1159 3211 1228 3270 ‘Nec

162 3302 257 3366 Tellus'
278 3311 367 3380 inquit
386 3314 465 3366 ‘terra
483 3329 533 3365 1100
551 3311 656 3380 Iupiter
673 3312 746 3365 caelo
766 3313 884 3366 continet
909 3313 1012 3366 fructus
1036 3307 1228 3378 agriculturae.

165 3401 314 3470 Scripserat
331 3403 417 3457 Varro
436 3420 545 3457 causam
565 3403 670 3457 colendi
688 3403 857 3474 significans:
886 3404 1025 3469 ‘Primum
1051 3400 1116 3470 quia
1134 3415 1230 3453 omnes

163 3493 268 3547 fructus
289 3536 294 3548 .
315 3539 321 3551 .
341 3495 413 3549 caelo
432 3499 459 3548 01
477 3503 549 3549 terra
576 3496 746 3550 continentur
772 3495 865 3549 iorem
884 3498 912 3548 01
929 3492 1078 3549 Tellurem’.
1099 3521 1132 3529 -
1152 3489 1229 3556 Quae

162 3584 303 3653 scripsisse
320 3586 469 3640 Varronem
488 3601 537 3655 ego
556 3586 680 3653 equidem
698 3602 779 3656 neg03
808 3586 889 3639 immo
915 3602 983 3654 quae
1001 3584 1109 3639 cedices
1126 3581 1229 3636 habent

163 3677 247 3730 verba
265 3676 364 3746 cptim0
383 3692 442 3729 esse
460 3693 542 3730 sensu
560 3677 694 3744 existimo,
712 3677 777 3731 hoc:
807 3679 903 3731 Zucrst
929 3677 988 3730 rufe
1011 3676 1057 3730 ich
1076 3673 1229 3743 diejenigen

163 3785 206 3836 an,
233 3769 335 3823 welche
363 3769 405 3822 die
423 3769 534 3838 Ertriige
553 3769 600 3822 des
618 3768 789 3823 Acherbaucs
816 3769 969 3837 iiberhaupt
995 3768 1082 3821 durch
1108 3766 1230 3820 Himmel

163 3862 219 3913 und
238 3861 306 3913 Erde
335 3860 398 3913 inne
422 3860 518 3929 baben,
546 3860 652 3928 Jupiter
670 3860 732 3930 (den
751 3859 813 3913 Gctt
831 3861 878 3913 des
896 3859 1042 3928 Hinrmels)
1063 3859 1120 3911 und
1137 3856 1229 3921 Tellus

164 3953 218 4020 (die
238 3952 329 4006 cuttin
353 3953 400 4006 des
425 3951 591 4020 Erdreichs).
619 3985 652 3993 -
679 3951 713 4005 ln
740 3952 896 4019 fragmentis
924 3951 1083 4020 particulam
1110 3948 1229 4018 legimus

164 4039 711 4114 0011101111,181,221(“11001]1110’);
740 4060 765 4110 p.
791 4044 850 4114 175,
873 4045 935 4110 1573
964 4060 989 4111 p.
1011 4042 1070 4111 198,
1089 4042 1150 4097 407.
1186 4040 1228 4095 De

162 4135 220 4189 vita
238 4153 297 4204 pcp.
316 4153 382 4190 rom.
400 4153 425 4204 p.
445 4136 488 4203 25,
508 4135 542 4190 28
561 4134 605 4204 (i).
642 4134 696 4187 1101
714 4134 769 4192 dir.
787 4151 813 4202 p.
832 4134 892 4203 108,
912 4137 953 4190 12,
