2782 4614
547 578 832 680 Theseae.

271 757 305 843 1)
328 757 368 820 In
398 756 482 820 resti
515 758 554 821 de
582 758 668 822 verb.
698 759 803 842 signif.
832 757 887 821 lib.
920 763 1065 840 quatern.
1095 756 1155 840 IX,
1179 779 1227 843 ap.

161 867 356 931 Muellerum
382 889 412 951 p.
446 866 519 947 161,
552 869 593 930 28
616 887 723 952 usque
755 868 795 931 ad
827 865 972 930 Keilium
1004 868 1120 931 tradita
1146 867 1229 931 fere-

161 977 281 1039 bantur
310 974 561 1059 Marspedis..
588 1026 593 1039 .
627 978 833 1060 inprecaticie
862 976 955 1039 solita
982 975 1120 1038 uallium
1149 974 1228 1056 quid

164 1084 333 1168 significet,
356 1104 398 1149 ne
421 1083 561 1148 Messala
586 1086 714 1168 quidem
741 1106 892 1169 augur..
914 1086 1053 1169 reperire
1078 1103 1112 1147 se
1135 1089 1230 1167 potu-

166 1197 230 1258 isse
255 1192 318 1256 ait’

269 1300 309 1363 ln
335 1302 454 1385 quibus
477 1304 533 1366 illa
551 1323 632 1386 quae
649 1309 725 1367 sunt
742 1304 956 1387 ‘inprecatioie
972 1305 1066 1367 solite
1081 1301 1228 1367 uallium'

163 1410 339 1475 Muellerus
366 1413 523 1475 mutanda
555 1414 690 1476 coniecit
718 1414 780 1476 sio:
814 1414 859 1476 ‘in
886 1414 1070 1497 precatione
1097 1412 1229 1475 solitau-

162 1520 294 1583 rilium'.
342 1519 405 1583 Sed
421 1521 539 1583 tradita
553 1526 629 1584 sunt
645 1540 711 1582 non
729 1521 944 1604 ‘inprecalicie
966 1522 1059 1585 solita
1082 1519 1227 1584 uallium'

165 1629 221 1694 sod
261 1629 369 1692 ‘sesita
407 1629 545 1692 uallium
588 1629 686 1712 qucd'
733 1629 801 1713 (cir.
840 1629 921 1693 Keil.
960 1633 996 1693 in
1033 1650 1107 1692 nov.
1147 1650 1228 1693 mus.

164 1739 253 1801 rhen.
277 1736 333 1800 VI.
357 1758 386 1821 p.
412 1737 504 1819 621),
528 1758 611 1821 quae
642 1759 700 1823 ego
729 1739 898 1802 scribenda
926 1757 995 1802 esse
1024 1758 1139 1802 censeo
1164 1740 1227 1802 sic:

165 1847 415 1931 ‘inprecatione
439 1849 666 1930 auguralium’.

272 1955 307 2041 2)
331 1956 371 2019 In
395 1954 512 2019 Catirlli
536 1977 630 2020 carm.
657 1956 707 2040 55,
733 1956 771 2020 11
796 1957 970 2041 legendum
986 1957 1136 2020 existimo
1153 1975 1229 2019 cum

165 2064 305 2126 Avantio
330 2064 466 2128 ‘nudum
490 2069 600 2130 sinum
622 2067 804 2148 reducens’,
832 2087 898 2130 non
925 2086 1000 2130 curn
1023 2064 1131 2128 Riesio
1156 2064 1229 2128 ‘nu-

167 2172 243 2235 dum
268 2173 377 2236 sinum
396 2175 588 2241 recludens'.

274 2279 306 2366 3)
330 2281 370 2345 ln
394 2282 550 2348 Varronis
575 2285 613 2350 de
637 2287 656 2349 l.
683 2287 703 2349 l.
731 2285 784 2349 lib.
809 2285 865 2348 VI.
896 2307 926 2369 p.
956 2286 1030 2361 215,
1059 2285 1116 2366 qui
1137 2284 1229 2347 locus

166 2392 201 2452 in
224 2391 333 2453 codice
356 2390 541 2457 Florentino
566 2396 612 2459 sic
634 2397 755 2479 legitur
776 2393 880 2469 ‘Quod
904 2394 945 2457 ad
968 2400 1149 2477 temporum
1173 2412 1229 2455 vo-

166 2498 281 2562 cabula
303 2497 419 2564 Latina
442 2504 565 2586 attinet,
589 2507 745 2570 hactenus
774 2508 815 2570 sit
848 2505 926 2567 satis
950 2503 1094 2585 dictum',
1117 2521 1230 2567 vocem

166 2606 345 2672 ‘hactenus'
369 2612 485 2693 utique
509 2613 732 2695 expellendam
756 2632 826 2677 esse
850 2613 993 2676 arbitror.

272 2715 308 2796 4)
332 2715 372 2778 ln
395 2715 560 2799 Sophoclis
582 2721 691 2804 Antig.
715 2741 746 2784 ν.
774 2723 836 2785 110
862 2743 929 2806 sqq.
955 2720 1016 2808 (ed.
1041 2721 1164 2802 Herm.)

406 2815 442 2889 ὃν
464 2822 516 2912 ἐφ’
541 2819 681 2916 ἁμετέρᾳ
704 2831 746 2917 γᾷ
768 2827 967 2919 Πολυνείκης

406 2925 523 3019 ἀρθεὶς
546 2933 676 3001 νεικέων
698 2936 734 3019 ἐξ
755 2932 948 3028 ἀμφιλόγων

407 3034 481 3123 ὀξέα
504 3040 633 3125 κλάζων
656 3043 764 3126 αἰετὸς
787 3045 820 3125 ἐς
842 3051 902 3134 γᾶν

406 3143 449 3230 ὣς
471 3145 642 3241 ὑπερέπτα

166 3259 250 3336 quod
275 3264 322 3323 est
345 3261 480 3326 verbum
503 3257 673 3350 ὑπερέπτα
696 3268 945 3350 intelligendum
974 3275 1022 3332 est
1045 3288 1121 3332 oum
1144 3268 1227 3333 Her-

164 3382 284 3425 manno
310 3365 468 3451 ‘desupen
483 3391 525 3435 ex
541 3374 605 3436 alto
622 3374 801 3438 devolabat'
836 3396 911 3458 non,
934 3382 972 3440 ut
986 3378 1117 3460 plurimi
1140 3399 1229 3444 nuno

164 3472 280 3536 volunt
305 3471 560 3556 supervolabat.
1120 3477 1123 3484 ’
