2782 4614
689 253 730 315 12

178 442 423 525 pronuntiatum
448 442 505 506 sed
528 443 624 506 etiam
641 445 798 507 artissime
813 445 896 508 inter
919 463 954 508 se
977 446 1151 508 coniuncta
1169 463 1239 508 esse

179 552 307 631 debere3
341 552 375 614 id
408 552 494 634 quod
525 552 664 615 formula
695 553 751 615 illa
773 555 901 636 propria
924 574 984 617 sua
1007 557 1040 617 vi
1062 553 1239 639 praestatll

180 659 284 736 Quare
307 680 365 746 ego
389 663 595 727 scribendum
619 680 688 725 esse
712 680 839 725 censeo:
929 748 931 753 .

390 773 461 855 Via,
492 775 539 836 sic
561 774 638 836 item
660 773 731 854 iter,
764 772 849 854 quod
882 790 919 835 ea
946 773 1093 836 vehendo
1117 774 1239 855 teritur,

336 883 398 946 iter
419 883 475 945 itu.

284 989 354 1054 Hac
378 993 464 1054 enim
483 993 606 1055 ratione
622 991 649 1054 si
663 989 762 1053 verba
781 990 935 1074 disponis,
959 992 1037 1074 quid
1057 993 1129 1055 vitii
1143 991 1240 1055 relin-

179 1101 234 1182 qui
257 1101 445 1165 existimas?
480 1100 596 1164 Nonne
630 1100 716 1162 idem
748 1118 807 1163 nos
839 1103 978 1164 assecuti
1006 1101 1240 1184 sumusidque

177 1209 335 1291 facillime,
371 1211 457 1293 quod
474 1208 639 1296 'Georgius
662 1207 751 1272 Thilo
786 1208 960 1292 legendum
993 1211 1143 1293 proponit
1171 1210 1242 1274 ‘iter

179 1318 265 1401 quod
288 1320 337 1382 itu
371 1319 517 1383 teritur’P
552 1319 636 1382 Nam
670 1320 706 1381 11
740 1317 910 1380 bimembri
944 1321 1109 1382 enuntiato
1146 1321 1240 1402 quale

180 1432 228 1491 est
250 1433 395 1492 nostrum

267 1547 268 1551 ’
394 1537 468 1621 [via
494 1538 540 1601 sic
561 1539 638 1600 item
660 1535 746 1616 iter]‚
775 1537 864 1619 quod
886 1557 924 1601 ea
947 1538 1093 1602 vehendo
1116 1541 1241 1623 teritur,

338 1649 399 1710 iter
420 1648 468 1710 itu

178 1756 277 1819 verba
301 1776 383 1839 quae
407 1761 484 1820 sunt
513 1756 621 1838 ‘quod’
646 1762 677 1820 et
700 1755 843 1838 teritur,
876 1756 916 1818 ad
948 1756 1078 1820 alteram
1112 1778 1240 1841 quoque

142 1884 152 1899 ¹
180 1867 338 1929 enuntiati
354 1873 475 1949 partem
491 1866 650 1949 pertinere
667 1864 882 1949 facillimeque
905 1868 1058 1950 suppleri,
1082 1869 1134 1930 vel
1148 1870 1241 1951 pueri

179 1977 293 2039 sciunt.
630 1986 636 1996 ·

182 2102 185 2109 ’
288 2084 437 2150 Ceterum
461 2085 547 2167 quod
570 2086 606 2147 11
622 2087 758 2168 copiosa,
781 2105 881 2169 paene
898 2086 977 2163 dixi,
1002 2087 1098 2150 nimis
1115 2088 1241 2170 copiosa

181 2195 278 2259 huius
313 2197 374 2260 loci
408 2196 609 2259 enarratione
644 2194 899 2278 Grossmannus,
933 2215 1007 2259 cum
1043 2196 1122 2259 alios
1156 2199 1244 2260 riros

180 2305 300 2384 laudet,
322 2304 524 2368 Lachmanni
547 2324 588 2367 ne
612 2324 731 2368 nomen
755 2306 887 2386 quidem
910 2312 1146 2386 commemorat,
1178 2327 1245 2369 non

181 2416 266 2474 recte
288 2410 404 2498 faciti)

179 2554 392 2565 „——-.—

289 2608 314 2677 1)
334 2607 395 2676 Alii,
414 2607 444 2659 in
463 2606 560 2674 quibus
573 2605 763 2659 Lachmannus
779 2605 909 2674 Thiloque
927 2607 977 2659 sub
996 2605 1041 2659 illo
1059 2607 1141 2660 verbo
1160 2608 1242 2674 parti-

182 2692 270 2752 culam
289 2716 341 2768 qua
359 2698 488 2753 transitus
513 2696 678 2765 significetur
704 2697 786 2750 latere
814 2697 934 2751 arbitrati
962 2697 1028 2750 alias
1053 2697 1111 2751 eins
1138 2699 1243 2768 generis

181 2790 335 2860 particulae,
363 2793 413 2845 hic'
428 2781 559 2859 quoque,
586 2788 633 2842 illo
651 2779 792 2841 ‘similiter'
821 2789 850 2842 in
870 2792 997 2843 contextu
1021 2791 1158 2858 ponendas
1185 2807 1243 2844 esse

183 2886 351 2936 censuerunt.
389 2883 527 2936 Transitus
546 2898 610 2935 varo
630 2879 776 2950 vestigium
798 2881 855 2935 illio
878 2873 984 2935 nullum
1008 2882 1165 2935 delitescere
1182 2883 1243 2935 nul·
1289 2904 1293 2909 ·

182 2975 289 3042 lamque
307 2974 475 3042 particulam,
503 2974 526 3026 si
553 2973 618 3026 licet
645 2973 742 3039 dicere,
770 2975 941 3027 transitivum
963 2975 1161 3042 proponendam
1186 2991 1244 3028 esse

184 3067 250 3120 mihi
267 3066 398 3134 persuasi.
435 3066 505 3120 Nam
524 3065 673 3117 utiterum
691 3064 786 3131 dicam,
806 3065 880 3118 nullo
901 3066 978 3118 modo
996 3062 1062 3118 ‘iter'
1083 3066 1245 3120 vocabulum

184 3157 379 3227 expellendum,
405 3157 451 3210 sed
476 3157 565 3224 potius
584 3172 717 3208 unacum
738 3154 820 3208 altero
839 3158 911 3224 quod
929 3159 971 3210 est
988 3151 1050 3211 ‘ria'
1070 3160 1244 3228 pronuntian-

184 3250 248 3302 dum
267 3249 453 3317 artissimeque
472 3265 533 3301 cum
553 3264 584 3302 co
603 3248 820 3316 coniungendam
838 3265 897 3302 esse
916 3249 1048 3304 existimo

291 3341 318 3410 2)
341 3340 529 3394 Lachmannus
557 3341 584 3392 in
613 3357 681 3398 mus,
710 3341 784 3393 rhen.
817 3340 869 3394 vol.
897 3341 947 3394 HL
976 3340 1009 3409 (a.
1035 3343 1115 3411 1845)
1143 3361 1168 3410 p.
1194 3345 1246 3397 610

184 3432 287 3504 (opusc.
306 3450 331 3501 p.
352 3434 415 3499 190)
434 3433 605 3485 scribendum
624 3434 700 3500 putat
723 3427 779 3486 ‘via
803 3433 935 3502 similiter,
967 3434 1038 3501 quod
1068 3451 1099 3488 ea
1123 3436 1246 3489 vehendo

184 3526 294 3592 te1·itur;
313 3526 365 3578 itcr
382 3525 440 3579 itu'.
477 3524 529 3578 Sed
542 3524 657 3592 primurn
670 3541 818 3592 numquam
837 3542 852 3578 a
870 3527 961 3579 nostro
979 3519 1120 3578 ‘similiter'
1140 3526 1247 3593 ponitur

185 3614 236 3670 hac
254 3616 364 3682 ratione,
389 3619 420 3669 ut
444 3617 589 3670 transitum
615 3617 708 3682 faciat3
740 3617 779 3685 (id
804 3617 881 3684 quod,
894 3616 1015 3684 Spengel.
1041 3617 1071 3667 in
1088 3617 1148 3668 Act.
1171 3614 1245 3669 acad.

184 3723 288 3762 monac.
307 3707 325 3760 l.
347 3725 369 3766 c.
389 3726 415 3777 p.
434 3711 486 3764 465
505 3711 577 3762 recte
596 3708 717 3778 obiecit);
737 3709 833 3762 deindo
853 3709 923 3776 quod
940 3709 971 3760 in
990 3706 1163 3760 Grossmanni
1182 3722 1245 3758 con-

186 3799 316 3853 iecturam
336 3800 400 3868 dixi,
431 3800 504 3854 idem
529 3801 563 3853 ad
580 3800 747 3853 Laohruanni
769 3801 912 3853 invcntmn
931 3799 1054 3867 pertinet.
1084 3826 1119 3835 —
1150 3796 1248 3850 Contra

187 3908 241 3945 non
264 3892 334 3946 nrale
352 3893 499 3946 Muellerus
523 3890 585 3946 ‘Via
610 3892 681 3945 siout
699 3891 758 3960 iter,
785 3892 859 3959 quod·
878 3908 910 3944 oa
928 3891 1050 3947 vehendo
1068 3889 1172 3956 teritur,
1195 3889 1248 3942 iter

186 3984 243 4052 itu',
263 3985 296 4038 de
315 4001 368 4053 qua
386 3986 499 4039 lectione
517 3985 706 4038 Lachmannus
725 3983 764 4036 sic
781 3983 883 4036 iudicat
901 3983 929 4053 (l.
949 4000 971 4037 o.
990 4000 1016 4050 p.
1036 3982 1111 4051 190):
1140 3978 1248 4035 ‘Miiller

186 4076 234 4128 hat
250 4075 328 4129 nieht
341 4078 483 4146 geniigend
500 4076 664 4130 uerbessert:
691 4078 738 4144 gut
755 4075 792 4128 ist
809 4091 869 4143 nur,
894 4077 955 4129 dass
975 4091 1004 4128 er
1022 4091 1071 4129 aus
1090 4075 1188 4128 iterum
1206 4076 1248 4128 itu
