2782 4614
658 257 699 320 92

267 441 369 516 Quem
391 442 498 504 locum
524 442 676 525 permulti
699 442 885 505 coniciendo
916 447 1124 506 vexaverunt.
1171 444 1222 506 Ao

159 552 301 632 primum
325 551 454 632 quidem
482 551 580 614 verba
616 569 700 633 quac
735 557 812 614 sunt
836 551 942 613 ‘Terra
976 551 1060 633 sive',
1094 558 1223 636 practer

159 657 379 722 Florentinum
405 660 546 723 codicem
567 664 597 723 et
612 659 834 722 Havniensem
853 661 949 724 ceteri
966 680 1077 724 omnes
1094 662 1222 726 codices

160 769 361 851 editoresque
384 769 514 850 plurimi
538 771 727 848 omiserunt3
758 769 949 853 Spengelius
973 771 1128 833 mutanda
1150 790 1223 834 esso

159 880 296 942 coniecit
318 881 352 942 in
378 877 483 942 ‘Terra
506 880 575 942 sine
598 879 649 942 vi’.
696 879 729 944 O.
748 878 784 943 Ο.
801 878 977 943 Muellerus
1001 879 1161 943 ‘lacunam
1186 884 1223 943 in

159 989 249 1051 nullo
281 990 389 1053 codice
421 987 633 1071 significatam
666 987 820 1053 statuens’
844 989 1031 1053 coniciendo
1059 990 1224 1073 supplevit

160 1098 219 1160 sio:
258 1097 449 1161 ‘Humidum
474 1106 505 1161 et
527 1097 681 1182 frigidum
704 1106 787 1162 terra
813 1097 928 1179 [eaque
951 1117 1077 1182 corpus,
1112 1099 1224 1162 caldor

160 1207 240 1269 caeli
272 1212 304 1270 et
333 1209 409 1271 inde
443 1207 570 1290 animal,
603 1210 671 1271 sive
699 1258 705 1270 .
730 1258 736 1270 .
761 1207 778 1268 .'
824 1206 893 1288 Ego
926 1208 984 1270 has
1018 1210 1223 1272 coniecturas

159 1316 294 1397 reprobo
318 1317 424 1400 adque
447 1319 594 1380 codicum
611 1317 780 1379 lectionem
794 1324 944 1380 revertor.
990 1316 1073 1379 Nam
1091 1319 1225 1400 rigescit

158 1425 214 1486 illa
238 1426 368 1508 quidem
391 1428 556 1510 particula,
592 1429 710 1510 quippe
739 1446 820 1509 quae
843 1407 908 1489 non
933 1427 973 1489 ad
997 1432 1099 1489 toturn
1121 1426 1224 1490 Ennii

159 1533 263 1597 locum
290 1537 345 1599 sed
369 1537 409 1599 ad
433 1556 470 1600 ea
492 1538 695 1619 potissimum
719 1536 817 1598 verba
850 1537 1009 1618 pertineat
1036 1555 1120 1617 qnae
1144 1542 1225 1600 sunt

161 1644 260 1709 ‘venit
284 1646 438 1709 divinitus
461 1647 558 1729 pullis
575 1647 650 1729 Ipsa
673 1645 799 1708 anima'.
846 1649 998 1708 Attamen
1022 1665 1080 1728 ego
1105 1648 1172 1708 noir
1186 1647 1222 1708 in

39 1763 43 1768 '
159 1756 316 1837 particula
340 1757 475 1836 offendo,
500 1756 556 1818 sed
579 1757 613 1817 in
629 1755 784 1817 laudandi
803 1757 937 1837 ratione,
962 1756 1047 1839 quod
1064 1761 1096 1818 et
1110 1774 1224 1819 neces-

160 1865 244 1926 saria
267 1871 298 1927 ct
319 1867 448 1929 inutilia
471 1867 523 1928 hie
547 1885 566 1927 a
593 1864 734 1926 Varrone
758 1863 945 1928 afferuntur.

267 1974 351 2054 §33
375 1997 404 2059 p.
431 1976 471 2037 35
503 1976 537 2036 in
569 1973 733 2037 codicibus
766 1975 824 2036 sic:
869 1972 1039 2048 ‘Quocirca
1073 1973 1225 2039 Gabinus

160 2103 223 2165 quo
248 2086 315 2147 sive
338 2084 539 2168 peregrinus'
564 2103 648 2166 quae
672 2083 770 2146 verba
792 2082 974 2165 Scaligerus
1005 2085 1228 2167 pulcherrima

160 2195 343 2257 coniectura
366 2196 506 2258 restituit
529 2195 588 2257 sic:
615 2191 783 2267 ‘Quocirca
806 2191 953 2255 Gabinus
977 2213 1107 2275 quoque
1130 2213 1227 2276 pere·

159 2303 292 2384 grinus'.
339 2303 530 2387 Spengelius
556 2304 675 2365 mirum
701 2321 778 2365 sane
807 2302 917 2365 deesse
937 2303 1095 2384 quaedem
1115 2306 1226 2387 suspi-

159 2417 259 2493 catur,
297 2416 361 2477 nisi
395 2414 474 2476 forte
507 2411 662 2475 ‘Gabinus
695 2413 762 2474 sive
793 2411 876 2493 quo'.
923 2410 954 2474 O.
980 2409 1016 2476 Ο.
1043 2411 1225 2478 Muellerus

160 2541 247 2585 imus
271 2542 312 2585 ex
337 2521 513 2586 editoribus
536 2519 688 2602 Scaligeri
711 2521 817 2583 lucem
842 2527 973 2585 secutus
997 2526 1054 2585 est.

267 2632 285 2712 ᾗ
311 2631 372 2693 157
401 2653 431 2715 p.
459 2632 519 2693 157
554 2630 679 2694 codices
711 2629 864 2694 exhibent
897 2632 988 2694 haee:
1025 2629 1225 2713 ‘Argiletum

159 2746 235 2804 sunt
258 2743 313 2824 qui
338 2744 537 2825 scripserunt
553 2741 592 2804 ab
609 2738 755 2824 Argolall
780 2761 837 2804 seu
854 2742 940 2824 quod
963 2741 991 2804 is
1014 2740 1078 2803 huo
1096 2741 1226 2804 venerit

158 2850 270 2934 ibique
294 2853 335 2915 sit
359 2853 517 2934 sepultus3
555 2851 610 2913 alii
645 2851 684 2913 ab
719 2852 838 2934 argilla,
874 2851 960 2934 quod
987 2850 1033 2913 ibi
1054 2850 1088 2912 id
1115 2867 1224 2932 genus

158 2960 282 3023 terrae)

266 3069 319 3133 Sic
347 3070 550 3152 Spengelius3
586 3076 618 3132 at
646 3067 677 3132 O.
702 3068 737 3132 Ο.
761 3065 962 3148 Muellerus2)
996 3069 1031 3129 in
1067 3071 1225 3132 contextu

159 3179 268 3242 habet:
295 3178 345 3241 ‘ab
365 3179 486 3262 Argeia
509 3198 566 3242 seu
586 3180 717 3263 Agrola,
740 3178 837 3261 quod’
862 3216 902 3223 —
929 3197 1027 3261 quam
1050 3176 1224 3239 lectionem

160 3308 219 3352 nos
244 3309 319 3353 oum
344 3286 375 3350 C.
392 3287 426 3352 F.
449 3288 497 3352 W.
515 3287 668 3352 Muellero
684 3289 906 3371 repudiamus:
931 3306 1111 3370 numquam
1134 3288 1221 3349 enim

161 3399 246 3481 apud
269 3405 416 3462 nostrum
441 3398 531 3462 ‘sive’
563 3399 646 3461 idem
682 3398 767 3461 valet
798 3398 884 3480 quod
904 3390 990 3460 ‘vel'.
1038 3395 1100 3459 Sed
1135 3396 1223 3478 quod

158 3508 227 3591 ipse
250 3508 302 3570 hic
325 3505 501 3572 Muellerus
536 3509 636 3571 credit
669 3508 802 3570 alteram
837 3506 995 3569 excidisse
1019 3505 1223 3588 sententiam,

161 3638 244 3700 quae
267 3619 307 3682 ab
330 3619 448 3682 iisdem
470 3617 635 3700 particulis
655 3609 727 3680 ‘seu
752 3615 848 3698 quod’
872 3617 1037 3698 inciperet,
1060 3615 1138 3678 mihi
1155 3634 1224 3678 non

158 3727 321 3810 probabile
346 3728 481 3791 videtur.
530 3725 676 3789 Primum
711 3727 798 3789 enim
831 3725 934 3788 forma
963 3743 1046 3807 quae
1070 3728 1118 3787 est
1137 3715 1223 3787 ‘seu'

267 3994 292 4058 1)
311 3991 367 4045 cod.
386 3990 421 4045 H.
441 3989 547 4058 ‘A1·glo’.

264 4083 291 4153 2)
311 4082 434 4152 Vestigia
452 4082 552 4152 pressit
569 4081 700 4150 Scaligeri
719 4080 862 4135 scribentis
880 4074 992 4150 ‘Argula
1011 4095 1061 4133 seu
1079 4077 1167 4147 Argo’.
