2782 4614
722 264 762 327 76

213 462 247 520 θῖ
276 475 358 540 quae
382 455 557 520 Muellerus
589 456 694 520 attulit
726 460 757 517 et
788 474 871 537 quae
904 455 997 518 facile
1030 455 1102 537 quis
1134 453 1277 516 attulerit

214 567 454 649 inquisivimus,
478 566 604 628 nullum
626 566 660 627 in
684 563 774 627 libris
799 563 838 626 de
861 565 880 626 l.
897 565 916 629 l.
941 583 1000 646 pro
1024 568 1110 626 certo
1131 581 1275 626 asseren-

216 677 294 739 dum
317 695 387 740 esse
411 677 572 755 existimo,
598 678 631 738 in
655 675 744 738 libris
768 679 872 736 autern
899 675 937 736 de
953 695 976 736 r.
994 694 1019 736 r.
1037 674 1163 756 scriptis
1179 691 1275 736 nemo

213 786 319 848 adhuc
343 787 514 869 vestigium
539 786 625 848 illius
648 785 822 868 particulae
845 783 980 861 invenit.

637 945 850 958 §.wwvwvxmvvvslvw

275 1175 323 1249 De
345 1175 480 1269 linguae
502 1071 726 1250 Varromlbbble
739 1071 1002 1272 biliabundus
1026 1173 1221 1271 quibusdam

304 1283 443 1358 maxime
466 1283 739 1359 memorabilibus.
785 1285 955 1359 Accedunt
978 1285 1192 1359 coniecturae.

322 1397 435 1461 Dicam
458 1400 493 1460 in
517 1398 576 1461 hac
601 1399 698 1462 altera
730 1405 819 1482 parte
851 1399 951 1462 libelli
979 1401 1119 1482 primum
1143 1399 1182 1460 de
1204 1419 1277 1481 par-

214 1509 322 1572 ticulis
346 1508 548 1592 quibusdam,
581 1527 665 1590 quae
698 1508 739 1570 ad
770 1512 867 1571 artem
902 1511 1043 1571 criticam
1072 1509 1106 1570 in
1131 1507 1277 1572 Varrone
1317 1576 1321 1581 ,

213 1617 429 1682 exercendam
464 1617 557 1679 valde
593 1619 766 1701 pertinent,
805 1619 887 1681 aliae
923 1620 998 1701 quia
1033 1619 1119 1701 apud
1154 1624 1277 1682 ceteros

213 1729 383 1811 scriptores
407 1728 633 1790 usitatissimae
657 1734 740 1808 sunt,
776 1728 860 1811 apud
883 1732 1029 1790 nostrum
1054 1728 1219 1790 rarissime
1242 1728 1279 1789 in

214 1857 279 1900 usu
301 1842 483 1916 versantur,
506 1837 586 1898 aliae
612 1839 689 1918 quia
711 1837 950 1900 memorabilem
974 1837 1136 1920 quandam
1152 1856 1189 1899 ac
1204 1856 1278 1920 pro-

213 1947 317 2029 priam
341 1966 421 2009 usus
443 1947 600 2009 rationem
624 1947 807 2009 ostendunt.
854 1946 954 2010 Cuius
971 1947 1198 2029 disputationis
1214 1948 1278 2010 ini-

214 2058 297 2119 tium
321 2057 442 2140 capiam
467 2076 485 2118 a
507 2054 665 2138 particula
689 2075 770 2138 qnae
794 2061 842 2119 θεῖ

706 2214 782 2284 ssue.

321 2324 422 2389 Cuius
444 2328 479 2388 in
502 2325 593 2389 libris
618 2326 698 2389 del.
726 2325 745 2387 l.
769 2326 894 2389 circiter
927 2327 1036 2390 decem
1064 2332 1095 2390 et
1118 2330 1188 2388 octo
1220 2344 1279 2388 ex-

212 2436 318 2517 empla
340 2437 461 2516 inveni,
484 2435 559 2498 libri
584 2436 662 2498 der.
679 2456 702 2497 r.
720 2441 834 2517 quater
858 2441 972 2499 octona
992 2438 1075 2500 dena
1091 2434 1278 2500 ostendunt.

213 2545 253 2607 lu
277 2525 340 2627 quo
363 2545 542 2608 notandum
567 2549 624 2626 est,
655 2546 750 2628 longe
782 2546 938 2628 plurimos
971 2547 1068 2609 huius
1100 2544 1280 2628 particulae

212 2654 300 2717 locos
325 2658 381 2716 aut
404 2656 587 2736 pronomini
611 2656 862 2718 demonstrativo
887 2660 944 2719 aut
960 2655 1125 2739 particulis
1142 2652 1280 2736 quibus-

214 2763 288 2850 dam
311 2782 393 2846 quae
417 2762 456 2826 ab
481 2765 593 2828 eadem
625 2765 732 2828 radice
760 2765 918 2848 profectae
942 2767 1030 2829 sunt
1049 2764 1149 2850 (velut
1172 2762 1280 2845 ‘ideo',

213 2852 332 2954 ‘item'b
364 2893 434 2937 eam
466 2894 628 2938 annexam
660 2875 785 2938 habere.
830 2875 945 2958 ltaque
976 2875 1114 2958 legimus
1146 2874 1185 2936 de
1211 2872 1232 2935 l.
1258 2872 1280 2935 l.

211 2966 253 3061 V,
277 2983 295 3063 ξ
321 2983 362 3044 22
386 3003 414 3066 p.
440 2985 480 3046 32
510 2983 549 3047 ab
574 3004 689 3067 eoque3
723 2983 796 3061 VII,
821 2986 839 3067 ξ
863 2984 905 3045 47
930 3004 958 3067 p.
986 2985 1049 3046 333
1083 3002 1278 3065 eorumque3

213 3090 273 3172 IX,
295 3089 314 3176 ξ
338 3092 379 3153 47
404 3113 432 3174 p.
457 3094 522 3155 489
545 3093 657 3176 idque3
692 3093 729 3173 V,
759 3094 777 3174 ἓ
804 3093 865 3154 157
889 3115 918 3177 p.
946 3094 1006 3156 157
1031 3093 1155 3174 ibique;
1190 3089 1280 3177 §74

212 3221 241 3283 p.
268 3201 308 3263 79
339 3203 494 3284 itemque,
534 3201 587 3282 VI,
615 3203 633 3284 ξ
658 3203 700 3265 89
730 3224 760 3286 p.
786 3202 850 3264 267
881 3205 1038 3287 itemque,
1074 3200 1133 3282 IX,
1167 3202 1186 3283 ξ
1212 3201 1279 3265 104

212 3331 241 3393 p.
268 3311 330 3373 533
354 3311 499 3393 ideoque.

319 3418 368 3483 De
391 3424 504 3485 ceteris
527 3422 714 3485 huiusmodi
737 3421 892 3504 exemplis
915 3424 1097 3485 accuratius
1121 3420 1280 3484 disserere

213 3535 342 3613 oportet.
389 3533 496 3613 Atque
513 3529 571 3611 IX,
592 3531 609 3611 ξ
629 3532 692 3593 114
715 3551 743 3614 p.
762 3531 823 3592 541
849 3530 907 3593 ubi
923 3531 1049 3595 codices
1072 3533 1119 3594 sic
1140 3529 1276 3594 habent:

212 3639 449 3704 ‘Confitendum
478 3645 526 3704 est
553 3659 624 3704 esse
647 3641 818 3723 analogias.
865 3638 949 3703 Item
975 3660 1058 3722 quae
1082 3690 1088 3703 .
1113 3690 1119 3702 .
1144 3689 1150 3702 .
1174 3638 1279 3701 faten-

212 3749 291 3811 dum
323 3749 405 3813 illud
440 3770 571 3834 quoque
607 3750 700 3813 modo
735 3749 905 3832 analogian
935 3752 1035 3838 sequi
1064 3770 1124 3814 nos
1149 3747 1277 3812 debere'

211 3878 270 3941 pro
304 3859 389 3923 ‘item
421 3860 513 3944 quae'
545 3858 751 3924 scribendum
783 3876 852 3920 esse
879 3850 1049 3942 ‘itemque’
1084 3875 1182 3923 sensu
1213 3857 1279 3922 loci

212 3967 408 4052 intelligitur.
464 3969 570 4045 Quare
609 3970 807 4051 scripserunt
840 3969 886 4030 ita
923 3974 954 4032 et
996 3974 1119 4033 veteres
1154 3968 1280 4050 aliquot

211 4078 350 4143 editores
364 4086 394 4144 et
407 4080 517 4144 nostri.
531 4116 572 4124 —
585 4078 644 4159 IX,
669 4079 688 4160 ξ
714 4077 755 4140 74
778 4098 808 4160 p.
827 4077 888 4140 511
914 4079 949 4141 in
973 4079 1083 4142 codice
1099 4078 1181 4141 ator.
1204 4097 1280 4160 pro-
