2782 4614
681 291 719 352 71

167 481 218 544 die
241 479 336 542 Form
360 498 500 542 noenum
528 499 590 542 von
613 479 740 542 Nonius
763 499 791 561 p.
818 477 881 540 144
906 478 1052 562 [Warum
1076 479 1231 541 trotzdem

168 611 232 654 von
257 589 392 653 Corssen
416 587 526 652 Vocal.
554 588 579 670 I,
611 609 640 671 p.
676 587 737 650 196
754 608 784 651 n.
820 607 960 651 noenum
994 608 1057 652 nur
1088 589 1135 652 als
1159 590 1230 652 eine

168 699 264 764 Form
299 700 355 762 des
386 695 557 774 Luciliusll
592 698 763 782 angefiihrt
797 697 928 760 worden
963 699 1013 778 ist,
1045 700 1139 762 weiss
1178 699 1228 761 ich

165 807 266 892 nicht]
305 807 534 871 ausdriielrlich
573 828 633 871 aus
667 809 723 871 der
757 807 894 890 epistula
928 807 966 868 ad
995 804 1138 870 Fuffium
1173 808 1229 870 des

165 915 295 998 Varr02)
319 916 490 1000 angefiihrt
512 917 601 997 wird‚
625 918 676 980 die
699 917 905 999 Vermutuug
929 915 997 978 sich
1027 915 1227 998 aufdr'a'mgen

165 1048 265 1107 muss,
289 1029 362 1091 dass
379 1027 439 1090 alle
452 1028 527 1108 jene
542 1026 777 1090 Verderbnisse
793 1025 899 1088 nichts
916 1025 962 1087 als
979 1024 1227 1108 Entstellungeu

165 1137 221 1200 des
254 1137 523 1220 ursprllnglichen
560 1155 702 1199 noenum
742 1136 819 1199 oder
856 1153 964 1198 noenu
998 1135 1078 1197 sind.
1133 1132 1227 1198 Dazu

164 1247 296 1321 kommt,
319 1246 393 1309 dass
419 1265 512 1308 wenn
544 1265 687 1308 noenum
716 1265 774 1307 aus
806 1264 846 1307 ne
878 1263 995 1307 oenum
1025 1244 1226 1322 entstanden,

165 1355 232 1419 also
256 1356 327 1418 eine
343 1353 569 1439 Verstiirlrung
592 1375 655 1418 von
679 1375 745 1417 non
768 1356 817 1435 ist,
841 1374 882 1416 au
898 1354 982 1417 allen
993 1352 1227 1435 jenenStellen

164 1466 251 1529 diese
273 1465 367 1528 Form
392 1471 451 1549 gut
473 1465 579 1547 passt.'

270 1574 340 1639 Nos
369 1576 557 1657 priusquam
592 1574 631 1637 de
662 1574 724 1634 viri
757 1572 932 1636 doctissimi
967 1573 1116 1655 opinione
1143 1572 1228 1634 iudi-

164 1686 251 1748 cium
273 1685 441 1764 faciamus⁷
465 1684 599 1746 consilio
623 1683 694 1744 eius
710 1700 804 1764 agere
828 1683 921 1746 nobis
935 1683 1093 1762 videmur,
1118 1682 1145 1744 si
1167 1681 1226 1744 hos

164 1812 295 1875 quoquo
311 1794 397 1856 locos
420 1793 484 1855 huc
502 1791 685 1855 referimus:
710 1791 750 1872 V,
773 1789 792 1876 ξ
817 1791 858 1853 26
883 1813 913 1875 p.
939 1791 1062 1854 4311111
1086 1790 1225 1855 ‘nomen'

162 1903 289 1966 codices
312 1904 429 1965 iterum
461 1902 540 1964 falso
572 1901 738 1979 exhibent3
779 1900 867 1963 VIII.
893 1902 911 1983 ξ
945 1901 986 1963 69
1009 1922 1038 1984 p.
1062 1903 1137 1982 443,
1161 1920 1225 1983 quo

160 2013 230 2075 loco
254 2011 383 2094 plurimi
405 2013 440 2073 in
464 2030 500 2074 eo
530 2011 615 2093 quod
648 2012 802 2074 traditum
831 2017 879 2074 est
903 2011 992 2074 ‘noti’
1021 2012 1225 2094 negationem

163 2120 250 2184 ‘non’
276 2122 459 2185 delitescere
482 2127 686 2203 putaverunt.

268 2229 309 2292 Et
333 2250 409 2293 sane
434 2231 562 2311 mirum,
576 2230 662 2312 quod
680 2230 777 2312 vulgo
794 2229 988 2309 existimant,
1003 2229 1053 2291 his
1075 2227 1225 2292 omuibus

160 2341 241 2403 locis
266 2339 352 2403 ‘non'
376 2339 550 2424 particulae
574 2339 786 2422 corruptelam
816 2339 987 2416 accidisse3
1029 2359 1223 2421 quamquam

160 2449 310 2513 facillime
332 2451 415 2512 hanc
443 2451 646 2534 negationem
680 2449 770 2511 velut
805 2469 879 2511 cum
905 2446 1044 2511 ‘nomen'
1068 2447 1225 2511 vocabulo

161 2559 385 2641 compendioso
410 2565 539 2622 exarato
573 2559 762 2621 commutari
795 2559 939 2642 potuisse
967 2577 1063 2620 nemo
1087 2577 1151 2620 non
1175 2558 1226 2619 vi-

162 2663 251 2745 det3).
300 2667 415 2751 ltaque
438 2669 569 2731 lenitate
588 2668 777 2731 mutationis
798 2668 887 2730 nullo
903 2668 998 2729 modo
1022 2666 1225 2748 adducimur,

162 2782 197 2839 ut
220 2778 438 2840 coniecturam
462 2776 609 2840 Muelleri
641 2776 881 2859 amplectamur.
928 2774 1021 2850 Quod
1051 2795 1126 2840 vero
1150 2796 1225 2840 ean-

161 2885 233 2948 dem
257 2888 471 2949 eoniecturam
496 2887 606 2949 sensui
629 2891 721 2967 putat
744 2887 890 2947 omnium
918 2885 1047 2949 illorum
1079 2887 1224 2950 locorum

161 2996 359 3078 aptissimam
383 3014 462 3076 esse,
486 2994 525 3057 de
548 2996 588 3057 iis
612 2997 690 3059 locis
714 2996 771 3078 qui
795 3000 873 3057 sunt
900 2993 958 3076 IX,
983 2996 1001 3076 ξ
1026 2997 1068 3059 23
1092 3016 1120 3079 p.
1140 2997 1222 3074 471;

160 3101 267 3189 §112
298 3123 328 3186 p.
354 3103 417 3167 539
441 3110 531 3182 extr,
560 3105 620 3168 hoc
651 3125 783 3189 prorsus
812 3104 942 3188 denego.
988 3103 1137 3188 Denique
1161 3125 1224 3188 quo

268 3279 294 3345 1)
315 3279 354 3331 cfr
381 3279 467 3334 Lucil.
493 3281 526 3332 ed
554 3280 584 3335 L.
602 3281 726 3336 Mueller.
754 3298 770 3348 p
798 3279 859 3334 267.
896 3278 937 3332 De
968 3280 1065 3333 ceteris
1091 3280 1137 3348 qui
1155 3280 1224 3333 hano

158 3369 319 3437 particulam
348 3371 474 3440 praebent
501 3371 679 3439 scriptoribus
703 3371 765 3423 vide
790 3371 994 3424 Lachmannum
1019 3372 1052 3424 ad
1076 3371 1156 3424 Luer.
1174 3371 1224 3442 IH,

159 3461 219 3516 198.
256 3460 378 3515 Ritsohel
407 3478 439 3529 op
468 3461 503 3529 IL
516 3479 541 3529 p.
555 3464 616 3518 242.
652 3460 809 3516 Buecheler.
829 3463 855 3514 in
870 3462 1036 3516 Fleckeiseni
1054 3461 1141 3520 annal,
1160 3465 1224 3516 tom.

158 3550 201 3606 87.
221 3551 255 3621 (a.
276 3551 355 3620 1863)
376 3570 400 3620 p.
421 3553 486 3620 774,
504 3552 669 3608 Fleckeisen.
688 3553 777 3621 ipsum
796 3554 861 3607 ibid.
882 3554 951 3609 1865
971 3572 996 3624 p.
1016 3555 1076 3613 621).
1095 3553 1223 3610 Ribbeck.

158 3642 235 3696 Scan.
255 3660 321 3698 rom.
340 3661 412 3713 poos.
431 3644 479 3700 rel.
498 3645 539 3698 ed.
557 3645 592 3698 Π.
606 3644 650 3698 rol
678 3645 698 3699 Ι.
712 3645 741 3698 in
759 3644 814 3698 ind.
828 3646 898 3699 verb.
918 3663 943 3714 p.
963 3646 1014 3702 331
1035 3646 1093 3713 (cfr.
1113 3643 1224 3698 corolla·

157 3739 227 3788 rium
246 3751 271 3803 p.
289 3735 447 3807 XXVIH.);
466 3736 518 3790 rol.
538 3736 573 3791 Π.
592 3752 617 3804 p.
637 3737 689 3791 443
711 3737 769 3803 (cfr.
788 3755 813 3806 p,
830 3738 882 3792 349
901 3756 926 3791 v.
946 3737 1009 3807 494)
1027 3736 1143 3804 Langen.
1163 3734 1182 3790 1.
1202 3751 1224 3790 c.

158 3843 184 3894 p.
204 3829 257 3882 263
275 3844 314 3896 sq.
960 3889 963 3897 ¹

265 3919 292 3989 2)
311 3920 359 3975 afr.
378 3920 465 3975 Riese.
485 3920 502 3973 1.
522 3936 544 3975 c.
565 3937 589 3988 p.
609 3920 660 3974 259
681 3920 715 3988 (si
732 3920 813 3974 hodie
840 3936 957 3974 noenum
979 3920 1066 3989 venis,
1086 3935 1144 3974 eras
1163 3919 1223 3988 qui·

159 4010 220 4063 dem
240 4056 246 4068 .
268 4052 273 4063 .
292 4012 418 4082 veneris).

264 4103 292 4172 3)
311 4103 358 4159 cfr.
378 4100 501 4172 Spengel.
519 4102 549 4155 in
568 4102 678 4172 praelat.
697 4102 760 4157 edit.
779 4118 804 4170 p.
824 4101 913 4156 XVH.
