2782 4614
590 1036 672 1106 Pars
696 1037 796 1122 prius.

160 1163 343 1254 Quaeritur,
372 1186 533 1260 quaenam
561 1161 688 1236 dicendi
714 1160 844 1255 generis
873 1160 1093 1257 discrepantia
1119 1163 1222 1238 inter·

158 1273 255 1348 cedat
284 1272 371 1347 inter
402 1272 502 1347 libros
534 1272 573 1346 de
601 1272 622 1345 l.
651 1272 672 1345 l.
703 1271 863 1346 etlibrcs
891 1271 983 1345 der.
1011 1295 1036 1345 r.
1072 1272 1221 1369 scriptos,

254 1406 321 1456 ncn
342 1381 503 1476 neglectis
527 1381 768 1477 deperditarum
789 1381 945 1456 librorum
967 1381 1124 1477 reliquiis.

267 1509 341 1573 ‘Et'
366 1510 444 1592 quid
468 1508 584 1573 habeat
619 1511 781 1593 singulare
816 1510 900 1593 apud
923 1509 1112 1591 Varronem,
1147 1529 1221 1573 cum

158 1621 341 1683 accuratius
365 1620 607 1701 quaesivissem,
630 1619 726 1682 huius
750 1638 863 1702 operae
885 1621 1023 1704 pretium
1051 1620 1128 1683 satis
1155 1639 1222 1682 ma·

158 1750 261 1813 gnum
291 1730 419 1811 percepi
452 1729 539 1812 quod
569 1728 741 1791 formulam
775 1749 858 1811 quae
887 1735 937 1794 est
964 1730 1010 1800 ‘et
1033 1728 1112 1815 qul,
1147 1749 1222 1792 cum

159 1840 253 1902 mcdc
277 1839 484 1902 coniunctivc
517 1837 702 1919 adhibitam,
736 1857 807 1901 eam
839 1859 922 1921 quae
954 1840 1151 1903 adiectivum
1174 1858 1222 1903 se-

160 1968 264 2032 quens
298 1948 431 2011 alterius
466 1946 635 2010 cuiusdam
669 1947 817 2011 adiectivi
851 1950 884 2011 in
917 1950 1026 2012 lecum
1049 1949 1222 2012 succedere

161 2059 249 2133 solet,
271 2060 306 2120 in
328 2057 420 2121 libris
441 2057 481 2119 de
504 2055 523 2118 l.
547 2056 566 2117 l.
591 2057 721 2119 omnino
738 2077 919 2141 nunquam,
942 2061 977 2121 iu
996 2057 1086 2121 libris
1103 2061 1180 2121 der.
1197 2079 1221 2121 r.

162 2168 428 2250 scriptissaepius
444 2169 479 2253 in
498 2185 562 2228 usu
581 2166 703 2227 versari
718 2167 837 2229 inveni.
861 2166 1018 2250 Exempla
1034 2172 1113 2231 sunt
1127 2169 1220 2231 haec:

197 2271 204 2288 '
266 2276 308 2358 Π,
333 2278 397 2358 3,9
422 2279 550 2359 (caprae
574 2324 581 2337 .
605 2323 611 2336 .
635 2274 774 2337 lascivae
798 2280 926 2359 atquae
950 2277 1134 2360 dispergant
1157 2275 1221 2362 se);

161 2388 191 2467 5,
214 2388 233 2449 8
258 2385 404 2468 (pedibus
428 2405 494 2448 non
517 2386 590 2448 latis
613 2402 720 2466 neque
743 2385 999 2468 ingredientibus
1024 2388 1080 2470 qui
1103 2386 1223 2469 displu-

160 2493 306 2578 danturl)
339 2515 399 2559 nec
431 2496 526 2558 cuius
558 2494 700 2577 ungulae
724 2493 902 2559 divaricent
925 2500 956 2560 et
978 2497 1073 2559 cuius
1095 2514 1223 2578 ungues

160 2606 226 2670 sint
255 2604 369 2685 leves);
404 2605 454 2686 11,
480 2605 498 2667 3
523 2603 624 2688 (casei
649 2653 654 2666 .
680 2653 685 2666 .
711 2653 717 2665 .
741 2607 876 2667 maximi
908 2604 971 2668 cibi
1002 2609 1078 2668 sunt
1107 2603 1223 2667 bubuli

160 2719 192 2777 et
226 2715 284 2796 qui
319 2713 509 2776 difficillime
544 2717 710 2776 transeant
742 2717 856 2792 sumti3
881 2751 925 2760 -
948 2715 1074 2776 minimi
1101 2712 1165 2775 cibi
1192 2717 1224 2776 et

161 2824 216 2904 qui
239 2806 390 2886 facillime
414 2823 601 2904 deiciantrm,
625 2824 767 2905 caprini).
817 2822 875 2904 HI,
901 2822 965 2905 9,5
989 2822 1075 2906 (galli
1099 2869 1129 2884 ..
1153 2841 1223 2905 per-

160 2933 283 2995 tinaces
304 2935 336 2994 et
355 2933 412 3013 qui
433 2933 585 2994 animalia
608 2980 637 2994 ..
666 2951 732 2993 non
754 2930 1003 3014 pertimescant).
1051 2932 1080 3012 9,
1105 2930 1123 2993 9
1148 2928 1224 3014 (ova

161 3093 167 3105 .
194 3089 200 3103 .
224 3039 365 3104 subiciet
388 3091 394 3103 .
419 3093 426 3108 .
451 3042 568 3105 vetulis
592 3091 598 3103 .
623 3092 630 3107 .
656 3045 688 3104 et
711 3061 796 3125 quae
818 3047 921 3105 restra
937 3046 993 3104 aut
1008 3060 1134 3125 ungues
1157 3061 1224 3104 ncn

159 3151 299 3214 habeant
323 3148 486 3235 acutos).2)

268 3261 419 3324 Fcrmula
451 3279 534 3343 quae
567 3264 616 3324 est
649 3260 721 3330 ‘nec
753 3260 817 3346 qul'
850 3261 927 3323 item
962 3279 1026 3322 nen
1060 3261 1225 3323 invenitur

160 3371 224 3433 nisi
246 3371 281 3432 in
303 3369 394 3434 libris
419 3371 457 3433 de
480 3391 505 3433 r.
529 3391 568 3448 r.;
594 3370 780 3453 exemplum
803 3369 904 3432 habec
927 3370 988 3431 hcc
1010 3388 1115 3432 unum
1136 3369 1222 3451 qued

160 3478 261 3568 mcdc
280 3479 433 3564 descripsi
456 3480 490 3543 ΙΙ
514 3482 543 3561 5,
568 3482 596 3543 8.

268 3589 332 3658 dec
366 3608 429 3661 non
465 3589 637 3653 formulam
671 3608 851 3671 numquam
886 3586 1063 3650 adhibitam
1099 3606 1168 3651 esse
1205 3608 1224 3650 a

160 3697 308 3762 Varrone
339 3701 374 3761 in
406 3699 498 3763 libris
533 3699 572 3762 de
596 3699 615 3761 l.
638 3699 658 3761 l.
683 3698 867 3781 saepissime
895 3698 931 3759 in
965 3696 1054 3759 libris
1090 3696 1175 3759 der.
1199 3716 1223 3758 r.

269 3893 295 3962 1)
315 3893 349 3947 ci.
367 3892 477 3947 Lachm.
496 3893 530 3946 ad
548 3893 627 3949 Lucr.
646 3909 671 3959 p.
691 3857 751 3950 253.

268 3985 296 4055 2)
313 3985 366 4040 Pro
388 3978 425 4037 ‘et
443 3975 496 4052 qui¹
526 3983 673 4037 admissum
698 3984 738 4036 est
759 3977 875 4051 ‘quique'
901 3981 937 4051 11,
962 3979 988 4051 8,
1013 3982 1030 4036 3
1055 3981 1107 4035 sic:
1135 3976 1225 4050 ‘quem

162 4076 361 4145 amplissimum
381 4118 387 4132 .
407 4122 413 4135 .
432 4078 544 4145 pessumi
562 4075 666 4144 eligunt
684 4075 784 4144 quique
803 4073 916 4127 seminic
934 4073 1014 4126 natus
1031 4073 1068 4127 sit
1085 4064 1171 4128 benc'.
