2782 4614
678 260 718 324 91

274 445 301 508 E
325 446 416 510 libris
440 449 479 510 de
502 468 525 509 r.
550 469 574 512 r.
602 449 785 529 conquisivi
817 449 925 510 omnia
948 450 1105 531 exempla,
1136 450 1229 512 haec:

167 555 192 636 Ι,
218 555 267 618 17.
294 556 327 634 6,
371 556 708 639 13,2-11‚2‚1;
747 557 990 638 rur-111,
1013 557 1096 639 3‚1;
1135 557 1231 632 10,6.

167 664 327 728 Politiano
351 667 559 732 dissentiente
591 669 675 731 hanc
702 668 893 751 particulam
923 668 1079 737 editiones
1111 666 1234 731 habent

166 775 216 838 his
240 775 332 838 locis:
357 775 382 855 Ι,
405 777 436 857 4,
459 779 497 855 43
525 779 574 859 18,
598 781 627 840 4.
956 856 960 864 ὑ

273 884 363 947 Haec
388 885 427 949 de
448 879 512 950 ‘ve'
536 887 694 970 particula
716 886 819 950 habeo
838 906 919 969 quae
940 887 1058 966 dicam3
1083 906 1171 949 nuno
1189 888 1230 949 ad

167 1011 237 1055 eam
262 1013 343 1075 quae
368 1001 416 1056 est
461 1047 462 1050 ,

659 1105 736 1175 Sive

166 1217 377 1277 transeamus.
416 1212 505 1287 Quae
530 1217 679 1296 quamvis
702 1217 735 1277 in
761 1202 998 1299 programmate
1021 1216 1108 1298 quod
1132 1217 1231 1298 scrip·

166 1323 207 1384 sit
240 1323 290 1384 vir
318 1323 522 1387 doctissimus
547 1323 578 1387 Ο.
602 1325 636 1387 F.
660 1325 710 1388 W.
731 1323 895 1406 Muellerlj
931 1326 982 1389 vel
1015 1327 1050 1387 iu
1073 1325 1231 1388 Varronis

165 1431 257 1494 libris
283 1433 443 1514 quomodo
469 1453 502 1496 se
526 1434 643 1498 habeat
666 1437 784 1518 optime
809 1435 1020 1518 explanatum
1045 1437 1095 1514 sit,
1121 1440 1230 1498 tamen

166 1541 294 1604 eosdem
318 1543 375 1605 hos
399 1543 497 1606 libros
520 1545 637 1607 iterum
655 1547 902 1627 accuratiusque
918 1542 1128 1626 perlustrabo.
1167 1542 1231 1606 Ita·

166 1670 229 1733 que
254 1658 289 1714 ut
312 1654 497 1716 omittamus
521 1655 669 1737 exempla
705 1674 786 1736 quae
823 1654 954 1716 aliunde
977 1657 1087 1716 noster
1108 1654 1233 1734 petivit,

166 1765 201 1823 ut
225 1767 302 1824 sunt
325 1761 380 1823 Vl.
406 1763 424 1844 ἓ
448 1763 490 1824 86
515 1784 543 1846 p.
570 1762 633 1826 263
657 1763 794 1847 (Siquis
818 1785 875 1847 pro
899 1783 933 1826 se
958 1765 1026 1826 sive
1049 1781 1106 1845 pro
1131 1762 1230 1824 altero

164 1871 320 1932 rationem
344 1871 412 1934 dari
435 1869 567 1951 rolet2);
592 1872 666 1952 Vll,
691 1875 709 1954 ξ
735 1876 786 1953 93,
809 1895 838 1957 p.
856 1874 919 1937 370
945 1875 1054 1955 (quam
1073 1889 1140 1934 rem
1162 1871 1233 1932 sive

165 1982 208 2042 mi
232 1980 321 2043 litem
345 1981 450 2046 dicere
474 1979 640 2065 oportet3);
665 1982 760 2064 IX,§
781 1985 832 2064 81,
855 2004 884 2066 p.
906 1983 968 2044 516
995 1980 1145 2052 (Decussi
1162 1981 1231 2042 sive

164 2088 353 2154 deoussibus
376 2088 462 2173 est4),
484 2093 625 2174 primum
648 2113 685 2156 ea
708 2092 916 2156 tractabimus
941 2109 1024 2174 quae
1048 2090 1233 2152 codicume

163 2199 299 2264 lectione
322 2200 513 2283 particulam
537 2201 671 2279 habent3
698 2203 811 2265 deinde
828 2203 1029 2265 coniecturas
1046 2219 1127 2282 quas
1145 2197 1229 2261 Odo-

162 2309 272 2373 fredus
297 2312 500 2392 potissimum
525 2311 701 2375 Muellerus
720 2312 795 2375 lecit
809 2313 842 2373 in
860 2311 1017 2373 iudicium
1032 2308 1230 2372 vocabimus,

162 2420 271 2501 Atque
293 2421 350 2482 illa
374 2421 506 2502 quidem
540 2422 688 2504 exempla
714 2423 749 2483 in
771 2421 862 2484 libris
887 2421 925 2483 dc
948 2420 968 2482 l.
986 2419 1005 2480 l.
1032 2425 1110 2482 sunt
1132 2419 1227 2481 haec:

270 2530 308 2611 V,
332 2531 351 2612 ξ
377 2533 430 2610 59,
453 2552 482 2613 p.
508 2531 550 2592 64
575 2530 763 2593 Humidum
789 2539 820 2594 et
842 2531 996 2613 frigidum
1020 2536 1106 2592 terra
1130 2531 1197 2593 sive

270 2639 351 2703 ‘Ova
374 2642 479 2723 parire
504 2641 583 2703 solet
607 2660 711 2723 genus
734 2642 842 2723 pinnis
867 2640 1112 2702 condecoratum

267 2749 341 2813 Non
365 2729 517 2812 animam'

160 2863 197 2921 ut
220 2861 264 2922 ait
287 2859 414 2922 Ennius

375 2968 416 3032 ‘et
436 2975 508 3051 post
530 2967 605 3031 inde
627 2968 718 3031 venit
739 2968 896 3030 divinitus
919 2968 1016 3050 pullis

267 3078 342 3161 Ipsa
365 3076 482 3141 anima'

160 3186 237 3263 sire,
259 3190 295 3247 ut
319 3185 429 3249 Zenon
453 3185 584 3268 Citieus,
617 3189 807 3251 animalium
843 3207 953 3252 semen
987 3191 1073 3272 ignis
1106 3192 1134 3252 is
1171 3191 1229 3272 qui

161 3295 270 3356 anima
293 3314 331 3357 ao
354 3296 465 3360 mens’.
637 3277 639 3280 ¹

159 3455 372 3463 ————.

267 3546 293 3596 ll
311 3540 402 3609 Progr.
423 3557 544 3610 gymnas.
563 3543 698 3601 Joaohinr,
716 3543 900 3597 Berolinensis
919 3561 942 3598 a.
962 3543 1041 3599 1871.

268 3634 294 3698 2)
315 3633 360 3687 Sic
379 3633 528 3702 Scioppius
548 3633 579 3692 Ο.
597 3616 771 3701 ΜυθΗοι’,”Ο.
792 3635 819 3692 F.
839 3637 883 3690 W.
902 3635 1016 3689 Mueller
1030 3653 1055 3705 p.
1070 3636 1095 3690 4.
1116 3634 1230 3688 Codices

161 3740 209 3792 pro
228 3725 319 3778 vorbis
345 3725 412 3777 ‘sive
433 3724 487 3792 pro'
513 3724 615 3778 habent
634 3725 666 3779 ‘si
690 3727 786 3798 verbo',
809 3727 956 3795 inquibus
975 3727 1099 3797 Spengel
1120 3726 1232 3781 nonnisi⁴

160 3813 236 3866 ‘sive’
258 3815 341 3868 latere
359 3815 521 3884 suspicatur.

264 3907 292 3973 3)
313 3906 365 3966 Cfr,
386 3907 413 3961 C.
432 3907 461 3962 F.
480 3909 524 3960 W.
543 3907 661 3961 Mueller.
682 3926 706 3977 p.
726 3911 767 3963 16.

264 3997 292 4067 4)
312 3997 401 4051 Verba
414 4001 477 4051 sunt
487 3998 576 4051 Lucili
596 4000 653 4069 (cfr.
665 4001 695 4055 L.
707 4001 828 4056 Mueller.
848 4001 877 4054 in
896 4001 958 4056 edit.
978 4020 1003 4072 p.
1014 4001 1068 4070 50).
1087 4003 1117 4055 in
1136 4001 1230 4054 codice

159 4087 267 4155 quidem
286 4088 440 4144 Florentino
458 4090 497 4144 sio
515 4091 627 4144 tradita:
647 4091 755 4146 ‘Decuis
774 4093 831 4146 sive
850 4093 1011 4149 deensibus!
1041 4078 1043 4082 ⁸
