2782 4614
728 325 787 390 106

214 515 279 578 nisi
311 512 391 575 forte
424 511 588 575 aGraeco
623 506 815 591 albanum,
851 510 893 593 X,
920 517 939 594 ξ
965 512 1005 573 58
1029 530 1059 593 p.
1090 501 1217 573 trebi
1241 559 1248 572 .
1274 560 1283 574 .

214 642 308 687 casus
331 624 412 686 forte
444 621 547 705 figura
570 627 718 704 corrupta
741 620 819 685 erit’
866 620 1036 683 Praeterea
1064 611 1168 683 ‘forte’
1192 620 1283 703 apud

213 738 360 796 nostrum
377 751 440 794 non
457 729 660 813 inveniturl)
706 730 791 794 Nam
807 750 872 814 quo
892 731 961 793 loco
986 730 1141 812 scriptum
1165 734 1215 792 est
1238 729 1282 792 ab

213 840 353 905 Henrico
381 837 558 922 Iordano,2)
584 841 622 902 de
645 841 664 902 l.
694 841 712 902 l.
736 839 778 918 V,
802 845 821 917 ξ
845 841 886 902 47
912 860 941 922 p.
967 838 1008 900 52
1027 844 1107 902 extr.
1131 837 1282 902 ‘Carinae

215 947 294 1010 forte
319 968 336 1010 a
361 949 545 1030 cerimonia,
562 950 648 1032 quod
673 999 679 1011 .
704 1001 710 1013 .
737 949 766 1027 .’,
790 951 817 1013 is
840 951 875 1011 in
892 947 1057 1012 codicibus
1074 950 1119 1012 sic
1142 949 1279 1032 legitur:

210 1048 359 1120 ‘Carinae
381 1064 491 1140 postea
515 1056 704 1145 cerionia'.3)
728 1058 797 1143 Ego
821 1058 1078 1141 cumSpengelio
1101 1059 1279 1140 legendum

214 1185 328 1230 censeo
349 1159 497 1231 tCarinae
521 1167 648 1251 potest4)
672 1189 690 1231 a
714 1170 896 1250 cerimonia,
921 1167 1008 1250 quod
1032 1216 1039 1231 .
1064 1217 1070 1228 .
1096 1166 1123 1230 .’.

319 1276 359 1338 In
382 1275 473 1341 libris
498 1279 537 1341 de
560 1300 584 1342 r.
610 1300 633 1341 r.
670 1279 768 1342 huius
803 1278 978 1360 particulae
1012 1278 1184 1361 vestigium
1210 1295 1279 1340 non

212 1390 308 1448 extat.
589 1456 596 1465 ,

319 1493 367 1559 De
391 1497 553 1578 particulis
578 1500 661 1579 quae
685 1504 761 1563 sunt
780 1489 868 1559 ‘tam'
885 1531 928 1542 -
941 1486 1012 1558 ‘sic’
1032 1533 1076 1540 -
1094 1487 1162 1557 ‘ita'
1188 1513 1280 1556 nunc

212 1605 358 1668 dicturus
381 1606 564 1688 proficiscar
588 1607 627 1669 ab
652 1627 690 1670 ea
714 1625 796 1688 quae
820 1610 868 1668 est

714 1767 770 1834 lta.

319 1871 408 1947 Quae
430 1876 464 1936 in
488 1874 578 1938 libris
602 1876 641 1938 de
664 1877 683 1938 l.
707 1876 726 1937 l.
751 1893 937 1957 numquam,
965 1875 1000 1936 in
1023 1873 1114 1936 libris
1138 1873 1177 1936 de
1201 1893 1226 1936 r.
1251 1892 1277 1935 r.

211 1983 277 2046 fere
300 2003 478 2066 numquam
496 1985 710 2067 comparando
726 1985 875 2061 inservit,
901 2002 984 2065 quae
1001 1989 1109 2047 autem
1126 1983 1278 2065 exempla

169 2148 173 2157 .
211 2092 274 2154 alia
297 2111 314 2155 e
338 2094 531 2176 coniectura,
553 2095 616 2158 alia
639 2114 656 2157 e
680 2095 827 2157 codicum
859 2094 1044 2157 auctoritate
1077 2093 1159 2155 hanc
1183 2110 1277 2174 prae·

113 2248 116 2253 <
210 2201 296 2283 bent,
330 2222 366 2265 ea
398 2223 485 2266 nunc
520 2207 702 2268 accuratius
734 2203 884 2267 tractabo.
934 2203 1050 2285 ltaque
1083 2202 1121 2265 de
1144 2202 1163 2264 l.
1187 2201 1207 2263 l.
1234 2199 1278 2281 V,

213 2313 231 2393 ξ
258 2312 298 2373 66
322 2332 351 2395 p.
378 2311 418 2373 73
444 2333 507 2375 non
531 2321 615 2376 recte
648 2315 775 2396 scripsit
798 2312 976 2378 Muellerus
1000 2351 1041 2358 ·-
1063 2303 1134 2375 ‘ubi
1157 2311 1276 2392 omnia,

211 2431 247 2484 ut
279 2423 436 2502 oriuntur,
468 2424 512 2484 ita
544 2422 744 2493 aboriuntur’
778 2443 834 2505 pro
868 2443 904 2487 eo
938 2423 1024 2505 quod
1047 2419 1201 2484 traditum
1226 2426 1277 2482 est

207 2524 279 2592 ‘ubi
303 2531 411 2592 omnia
444 2533 594 2594 oriuntur
624 2534 657 2593 vi
691 2531 903 2595 aboriuntur'.
947 2531 1016 2616 Ego
1048 2529 1189 2613 quidde
1213 2528 1276 2591 boc

212 2640 282 2703 loco
307 2641 444 2703 sentiam
467 2657 565 2721 supra
589 2639 664 2703 dixi.

317 2749 390 2831 Vll,
415 2751 432 2830 ξ
453 2747 468 2810 1
493 2770 522 2833 p.
542 2751 605 2813 280
622 2751 702 2814 falso
720 2752 836 2814 conicit
854 2751 1022 2815 Madvicus
1046 2769 1121 2814 cum
1142 2746 1275 2812 scribat:

211 2908 216 2920 .
243 2907 249 2920 .
274 2908 280 2920 .
303 2851 431 2942 ‘repens
465 2861 560 2922 ruina
591 2862 724 2943 operuit,
756 2863 800 2923 ita
824 2861 960 2924 verbum
985 2880 1082 2943 quom
1106 2858 1275 2923 conditum

210 2975 258 3031 est
282 2987 299 3030 e
322 2967 441 3050 quibus
459 2969 574 3032 litteris
597 2976 727 3052 oportet,
749 2971 825 3034 inde
841 2977 913 3054 post
932 2972 959 3033 si
981 2970 1092 3052 aliqua
1107 2971 1277 3052 demptast,

209 3075 376 3140 obscurior
397 3076 434 3139 fit
457 3080 607 3141 voluntas
629 3080 844 3163 impositoris’.
885 3079 994 3143 Verba
1019 3081 1103 3142 enim
1127 3081 1173 3142 ita
1196 3097 1274 3140 con-

316 3233 342 3302 1)
360 3233 393 3285 In
411 3233 493 3302 antiq.
512 3251 563 3288 rer.
583 3236 637 3293 div.
657 3237 684 3305 (l.
705 3253 727 3293 c.
747 3255 772 3305 p.
801 3237 861 3305 206,
880 3236 907 3306 6)
936 3231 1020 3291 ‘forte'
1049 3236 1121 3291 idem
1140 3238 1181 3290 est
1200 3236 1275 3304 quod

206 3328 310 3379 ‘contra
327 3325 467 3382 naturam’.

315 3418 342 3486 2)
362 3418 410 3473 cfr.
428 3423 529 3488 topogr.
547 3435 612 3473 rom.
630 3422 665 3490 H,
685 3439 709 3490 p.
730 3423 790 3477 246.

314 3511 341 3579 3)
360 3504 522 3565 ‘cerimonia’
552 3513 621 3567 coni.
640 3513 761 3578 Becker,
792 3514 863 3582 quod
891 3515 985 3582 probat
1012 3512 1171 3582 Spengelius
1189 3511 1274 3582 (Phil.

207 3601 250 3665 32,
270 3601 314 3666 98)
334 3604 361 3654 ct
380 3601 472 3657 (iroth.
490 3620 516 3671 p.
537 3605 578 3659 13.
993 3604 996 3608 ’

313 3693 342 3760 4)
361 3692 455 3746 Malim
483 3690 621 3762 ‘possunt'
651 3725 684 3732 —
709 3693 798 3747 Huius
826 3694 951 3748 dictionis
978 3694 1102 3763 exempla
1128 3711 1190 3748 cum
1219 3695 1275 3751 alia

207 3783 330 3838 invenies
349 3787 420 3853 apud
440 3785 600 3840 Muellerum
619 3788 652 3840 ad
671 3786 703 3838 V.
724 3786 739 3854 ᾖ
758 3785 801 3854 38,
819 3790 878 3839 tum
896 3786 975 3840 haee:
1004 3785 1036 3854 V,
1055 3786 1186 3858 §¹122p.
1205 3789 1273 3854 1283

206 3875 254 3944 VI,
273 3876 289 3945 ἕ
307 3878 342 3931 45
360 3894 385 3945 p.
405 3880 470 3944 2253
489 3878 549 3945 VH,
568 3878 584 3947 ξ
603 3879 637 3932 94
656 3895 680 3946 p.
700 3879 767 3944 3713
796 3878 863 3947 §97
883 3896 907 3948 p.
928 3879 988 3933 373.
1008 3909 1041 3916 —
1059 3874 1141 3934 ‘Poto'
1161 3878 1275 3932 admisit

205 3972 297 4021 noster
314 3968 347 4036 V,
368 3969 383 4037 ξ
403 3969 435 4023 21
455 3987 480 4038 p.
499 3971 532 4024 31
553 3965 623 4038 ‘pote
642 3970 687 4023 vel
705 3969 796 4027 illinc.‘
834 3970 950 4038 Reliqua
962 3969 1044 4023 huius
1057 3970 1133 4024 verbi
1145 3970 1274 4039 exempla

207 4063 270 4112 sunt
287 4060 367 4114 haec:
387 4061 419 4113 de
438 4061 455 4115 l.
475 4061 493 4115 l.
512 4062 545 4132 V,
564 4062 580 4131 ξ
599 4065 633 4119 25
657 4080 681 4131 p.
700 4065 743 4118 41.
762 4063 803 4116 De
821 4079 842 4117 r.
861 4079 883 4117 r.
901 4061 923 4130 I,
944 4064 986 4130 15,
1006 4064 1029 4117 1.
1056 4061 1092 4130 H,
1112 4067 1137 4131 2,
1156 4062 1181 4116 6.
1210 4062 1272 4131 (cfr.

205 4150 241 4218 II,
261 4156 286 4222 2,
307 4153 343 4220 1).
381 4151 434 4212 Sat.
455 4153 525 4208 Men.
543 4160 568 4223 p.
588 4155 647 4221 185,
667 4154 726 4214 268.
747 4173 772 4225 p,
792 4156 852 4212 187.
871 4154 931 4211 289.
