2782 4614
744 292 787 358 22

328 481 403 546 Non
425 481 525 564 igitur
546 479 647 543 multo
672 481 763 544 aliter
785 499 837 543 me
860 480 1035 542 coniecisse
1064 477 1156 540 vides
1189 482 1289 561 atque

223 589 258 654 0.
281 589 474 657 Muellerum
499 589 705 654 scribentem:
740 591 796 655 'sio
821 590 883 653 alia
907 589 1064 672 quaedam
1088 587 1225 670 convivi,
1249 593 1289 653 ut

222 699 384 784 gausape’.
432 698 474 762 Et
496 698 687 783 particulam
710 698 767 762 ‘ut'
799 718 874 761 cum
906 697 1094 781 praesertim
1125 697 1285 778 syllabam

223 829 306 892 quac
330 818 378 873 est
402 847 430 855 -
469 807 523 870 ‘vi'
548 812 711 890 sequatur,
734 808 885 873 facillime
908 828 927 869 a
949 806 1077 869 librario
1102 808 1206 870 omitti
1229 828 1288 890 po-

219 919 321 983 tuisse
357 921 430 1003 quis
465 917 580 1002 neget?
626 916 810 981 Pronomen
842 922 950 980 autem
975 916 1162 999 ‘quaedam'‚
1198 919 1284 1000 quod

220 1020 396 1092 Muellerus
429 1028 575 1104 coniecit,
614 1027 686 1090 ideo
721 1045 852 1110 prorsus
885 1027 991 1107 reiciq
1026 1026 1112 1109 quod
1145 1026 1288 1090 formula

207 1136 315 1199 '‘alius
341 1133 485 1219 quidam'
511 1136 596 1219 apud
618 1135 799 1199 Varronem
822 1137 952 1199 omnino
976 1155 1137 1218 nusquam
1156 1137 1285 1220 legitur.

220 1244 273 1309 Sic
307 1246 392 1308 enim
432 1266 507 1309 cum
542 1264 620 1309 voce
653 1244 756 1308 ‘alius’
788 1246 997 1328 conjunctum
1028 1246 1165 1328 legimus
1196 1247 1282 1328 apud

219 1359 368 1417 nostrum
392 1356 577 1438 saepissime
600 1374 776 1439 pronomen
805 1353 942 1436 ‘aliquis’
976 1354 1028 1417 vel
1052 1353 1164 1437 ‘quis'3
1197 1373 1284 1437 quae

219 1462 366 1546 exempla
388 1463 523 1548 longum
547 1469 595 1529 est
619 1462 844 1546 enumerarel)
889 1462 1005 1545 Itaque
1028 1482 1086 1546 ego
1103 1469 1133 1528 et
1150 1465 1283 1547 linguae

217 1570 374 1635 Varronis
398 1577 430 1636 et
453 1575 523 1638 eius
547 1577 663 1655 animo,
687 1593 793 1658 quem,
815 1578 852 1637 ut
875 1574 1041 1637 esthemo
1064 1591 1140 1636 vere
1162 1571 1282 1635 Roma-

217 1700 289 1761 nus,
322 1682 427 1750 lotum
458 1684 533 1746 lecti
556 1684 733 1747 convivalis
756 1687 942 1766 apparatum
969 1684 1003 1745 in
1027 1683 1180 1766 pristinae
1204 1682 1283 1744 sim-

218 1790 367 1872 plicitatis
390 1791 498 1855 locum
523 1812 540 1856 e
564 1792 697 1857 Graecia
721 1794 914 1857 successisse
948 1792 1131 1856 credentem
1161 1787 1282 1878 laciql)

218 1899 399 1963 satisfacere
433 1902 512 1964 mihi
547 1903 658 1966 videor
690 1902 746 1964 illa
779 1920 851 1964 mea
877 1902 1029 1965 lectione:
1067 1899 1124 1963 ‘sic
1152 1899 1282 1982 reliqua
1375 1915 1377 1917 ’

116 2017 121 2025 ·
214 2009 293 2071 item
325 2009 467 2072 convivii
499 2015 535 2074 ut
556 2007 735 2095 gausape3)

321 2115 460 2202 Reliqua
482 2120 578 2184 huius
602 2121 751 2185 dictionis
775 2121 923 2203 exempla
946 2123 1022 2183 sunt
1043 2119 1136 2182 haec:

321 2225 377 2308 Vl,
403 2229 489 2310 5¹55,
517 2251 546 2314 p.
564 2231 628 2293 232
665 2229 761 2294 ‘Hinc
792 2231 887 2294 etiam
909 2228 1140 2313 Famigerabile
1176 2232 1208 2291 ct
1231 2229 1279 2291 sic

214 2321 430 2420 compositioia
454 2337 516 2400 alia
537 2339 634 2402 item'.

320 2443 379 2527 IX,
403 2446 490 2528 §87³
513 2465 543 2527 p.
561 2445 622 2507 521
656 2447 699 2510 ‘et
732 2449 778 2511 sic
813 2448 963 2530 deinceps
993 2448 1211 2512 multitudinis
1242 2449 1279 2509 in

215 2553 344 2619 duobus
368 2554 493 2618 actibus
516 2555 634 2638 reliqui
657 2576 768 2621 omncs
791 2559 868 2622 item
891 2556 1038 2620 numeri'.

318 2661 379 2742 IX,
405 2662 494 2747 §42
516 2686 546 2749 p.
568 2666 634 2729 489
668 2667 776 2731 ‘lectos
810 2668 890 2730 alios
925 2686 967 2730 ex
990 2666 1093 2748 ebore,
1127 2667 1206 2730 alios
1234 2685 1279 2728 ex

209 2773 381 2855 testudine,
405 2775 451 2838 sic
473 2775 551 2839 item
574 2795 691 2860 genere
714 2777 822 2861 aliquo
845 2776 926 2841 alio’.

317 2881 359 2964 X,
388 2884 480 2966 gol,
508 2906 537 2969 p.
560 2887 623 2948 580
664 2886 831 2951 ‘vocantur
869 2888 949 2950 aliae
980 2887 1194 2966 harmonicae,
1229 2887 1278 2949 sic

208 2990 286 3065 item
310 2991 391 3054 aliae
414 2993 601 3058 nominibus
625 2995 718 3059 aliis'

316 3098 372 3181 VI,
401 3102 492 3184 §78,
521 3123 551 3186 p.
577 3105 649 3166 254Ι
677 3103 774 3168 ‘aliud
810 3124 879 3169 esse
913 3106 1150 3186 vestimentum,
1186 3105 1275 3168 aliud

208 3243 421 3251 ——-.-

316 3365 343 3432 1)
365 3365 504 3421 Nonnulla
526 3368 604 3421 affert
627 3369 654 3424 Ο.
678 3368 708 3426 F.
727 3369 771 3426 W.
790 3369 938 3424 Muellerus
970 3370 1000 3423 in
1034 3371 1122 3424 annal.
1150 3388 1273 3439 gymnas.

207 3455 261 3515 vol.
280 3455 348 3510 XIX
372 3457 406 3526 (a.
425 3458 507 3525 1865)
531 3475 556 3526 p.
576 3459 740 3530 79451,-
768 3460 923 3515 Locutionis
948 3477 1017 3529 quae
1042 3464 1083 3515 est
1105 3457 1184 3517 ‘alius
1203 3465 1274 3532 quis'

208 3548 333 3617 exempla
351 3549 462 3603 afferam
479 3549 566 3604 multa
584 3567 646 3604 cum
665 3552 698 3606 de
716 3551 850 3622 particula
866 3545 925 3608 ‘Vc’
946 3553 1096 3621 disputabo

315 3640 342 3710 2)
360 3640 473 3695 Veteres
490 3640 625 3698 Romanos
648 3644 769 3712 epulatos
792 3660 851 3698 esse
875 3645 1006 3714 sedentes,
1034 3647 1127 3714 postea
1145 3647 1274 3712 *discum-

206 3729 289 3784 bendi
307 3747 410 3785 morem
429 3748 444 3785 e
463 3732 576 3788 Graecia
592 3733 622 3785 in
639 3734 745 3789 Italiam
762 3735 917 3803 pervenisse
931 3740 1121 3791 commemorat
1138 3738 1224 3792 Varro
1242 3739 1273 3790 in

207 3820 289 3876 libris
306 3823 339 3876 de
361 3824 439 3891 gente
464 3840 490 3891 p.
509 3823 542 3883 R.
561 3825 609 3893 cfr.
627 3825 748 3879 Kettner.
768 3827 800 3879 de
819 3827 877 3882 vita
894 3845 920 3896 p.
937 3827 971 3883 R.
989 3834 1015 3896 p.
1034 3829 1076 3898 25,
1096 3830 1138 3884 28.

313 3913 340 3983 3)
370 3913 411 3968 De
439 3914 558 3984 genitivo
587 3916 725 3972 ‘convivii’
758 3920 819 3987 post
846 3918 1010 3973 adiectivum
1036 3914 1157 3988 ‘reliqua'
1185 3919 1273 3988 posito

204 4003 252 4059 cfr.
270 4003 321 4074 IX,
340 4007 355 4074 ξ
374 4004 417 4076 18,
436 4023 461 4075 p.
480 4005 533 4062 468
558 4007 666 4077 (vitiosa
685 4009 828 4080 artificum)
853 4012 880 4064 et
897 4009 1018 4064 Kiihner.
1043 4010 1087 4070 Gr.
1107 4011 1165 4066 lat.
1183 4011 1220 4083 Π,
1245 4012 1271 4080 1,

203 4097 281 4167 §84,
300 4114 327 4153 n.
346 4098 389 4152 11.
837 4110 840 4115 ’
1262 4107 1265 4111 ’
