2782 4614
698 250 756 312 110

195 439 289 503 debet
321 441 354 501 in
392 435 560 501 scribendo
591 455 658 498 non
690 435 808 498 vidisse
840 455 962 517 verum,
996 457 1062 500 non
1092 439 1166 503 ideo
1190 460 1256 503 non

194 558 288 630 posse
312 545 408 609 scribi
431 544 563 607 vernm’.

301 656 340 718 In
365 674 429 736 quo
452 656 593 737 primum
612 655 755 735 vitupero
771 653 941 717 formulam
959 675 1042 737 quae
1059 661 1107 719 est
1120 649 1255 737 ‘ita-ut’3

196 766 312 828 deinde
332 757 374 826 ‘si
398 763 502 827 etiam'
527 782 582 845 pro
603 754 752 825 ‘etiarnsi’
775 761 964 846 positum;¹)
993 770 1063 828 tum
1086 767 1258 831 artificiose

194 880 343 956 tortoque
366 873 596 957 interpretandi
619 873 789 951 rationem,
823 874 961 955 denique
995 894 1091 956 quem
1120 875 1160 938 ad
1184 896 1258 939 sen-

194 1005 270 1048 sum
292 989 356 1047 tota
381 984 480 1046 oratio
505 982 654 1045 decurrat
676 982 771 1064 plane
795 982 970 1046 obscurum
994 989 1050 1046 est.

302 1092 370 1175 Ego
403 1092 573 1175 legendum
607 1110 676 1154 esse
709 1091 845 1154 arbitror
876 1094 935 1154 sic:
969 1085 1081 1175 ‘quom
1113 1091 1257 1176 tamen,2)

195 1209 232 1265 ut
256 1199 409 1285 dicitur,3)
433 1221 498 1264 non
522 1203 563 1264 sit
586 1222 637 1263 ars
662 1201 718 1264 sed
741 1202 856 1265 artifex
874 1203 1165 1284 reprehendemur,
1200 1205 1258 1286 qui

197 1312 291 1376 debet
321 1313 355 1373 in
388 1309 555 1374 scribendo
586 1329 651 1372 non
685 1310 803 1373 vidisse
835 1331 957 1388 verum,
990 1332 1056 1375 non
1086 1313 1158 1376 ideo
1190 1332 1257 1375 non

193 1441 287 1506 posse
311 1419 405 1484 scribi
429 1419 561 1482 verum'.

300 1531 390 1593 Haec
413 1529 514 1592 habeo
539 1548 621 1610 quae
647 1530 685 1592 de
708 1529 768 1592 hoc
791 1530 860 1591 loco
885 1530 1002 1591 dicam:
1028 1537 1134 1592 tamen
1151 1532 1258 1612 prius·

196 1662 292 1725 quam
318 1640 357 1702 ab
382 1658 418 1703 eo
443 1637 615 1718 discedam,
638 1639 733 1700 liceat
756 1639 835 1700 mihi
859 1658 934 1702 eum
951 1659 993 1702 ex
1011 1659 1082 1702 mea
1099 1642 1260 1703 sententia

192 1757 296 1815 totum
330 1747 517 1812 describere.
569 1746 621 1810 Sic
652 1748 752 1831 igitur
783 1747 870 1831 lego:
908 1742 999 1829 ‘nee
1029 1734 1071 1813 ‘eo
1105 1749 1191 1832 quod
1220 1751 1259 1812 in

193 1839 298 1944 priore
322 1857 402 1922 libro
427 1862 607 1920 extremum
631 1862 686 1935 est,
709 1857 780 1918 ideo
797 1877 863 1920 non
880 1877 948 1921 esse
967 1859 1145 1941 analogian,
1169 1860 1258 1941 quod

196 1972 252 2052 qui
277 1970 315 2032 de
339 1988 375 2031 ea
405 1967 597 2048 scripserint,
631 1971 687 2027 aut
709 1966 794 2028 inter
817 1986 850 2029 se
875 1987 939 2029 non
963 1968 1164 2041 conveniant,
1200 1974 1259 2032 aut

193 2082 226 2142 in
253 2077 370 2162 quibus
403 2076 607 2154 conveniant,
637 2093 673 2136 ea
698 2093 773 2136 cum
797 2077 1029 2139 consuetudine
1058 2077 1256 2160 discrepent:

193 2173 384 2271 perversum
421 2191 605 2266 utrumque.
663 2183 716 2247 Sic
751 2187 836 2248 enim
876 2188 981 2249 omnis
1020 2187 1257 2268 repudiandum

194 2299 255 2360 erit
278 2296 364 2375 artis,
389 2295 474 2377 quod
498 2295 585 2357 etin
609 2295 769 2358 medicina
793 2303 824 2358 et
845 2298 880 2357 iu
905 2297 1028 2358 musica
1058 2302 1089 2358 et
1118 2297 1153 2358 in
1185 2296 1258 2359 aliis

194 2408 304 2470 multis
329 2406 511 2486 discrepant
534 2405 712 2486 scriptores,
734 2406 820 2482 item,
844 2406 877 2466 in
896 2404 1013 2486 quibus
1029 2402 1256 2478 conveniuut5)

194 2517 331 2599 scriptis,
364 2515 530 2576 scientiam
561 2513 733 2595 repudiant
757 2519 903 2592 naturae,
937 2534 1034 2596 quom
1067 2532 1184 2591 tamen,
1220 2521 1258 2576 ut

194 2626 320 2705 dicitur,
358 2643 423 2686 non
458 2624 499 2685 sit
531 2641 591 2703 ars,
630 2621 686 2684 sed
720 2622 835 2685 artifex
869 2624 1163 2707 reprehendendus,
1198 2625 1258 2705 qui

193 2733 289 2797 debet
318 2734 353 2796 in
385 2732 554 2797 scribendo
585 2751 650 2794 non
682 2731 802 2794 vidisse
836 2752 958 2814 verum,
996 2752 1062 2796 non
1091 2733 1162 2796 ideo
1190 2751 1258 2794 non

194 2863 287 2926 posse
311 2843 407 2907 scribi
431 2840 563 2905 verum'.

301 2953 340 3015 In
368 2951 459 3015 libris
491 2950 529 3012 de
552 2972 576 3012 r.
600 2971 623 3012 r.
648 2949 751 3012 Varro
785 2950 894 3013 eadem
928 2970 961 3014 se
993 2951 1064 3034 lege
1097 2951 1260 3026 astrinxit,

194 3070 302 3123 tamen
327 3066 363 3123 ut
379 3080 445 3123 uno
462 3061 607 3122 hocloco
631 3058 735 3140 1,e,3
756 3051 824 3121 ‘ita’
848 3060 1036 3142 particulam
1055 3060 1260 3143 praecedenti

189 3161 251 3232 ‘ut’
275 3170 518 3251 respondentem
543 3168 674 3231 faceret:
696 3160 766 3230 ‘Uti
789 3168 904 3231 horum
928 3170 1106 3251 varietates,
1137 3170 1181 3233 ita
1204 3190 1260 3255 ge·

302 3434 329 3503 1)
347 3435 380 3487 'si
399 3433 486 3486 etiam*
507 3433 578 3500 apud
598 3432 742 3486 Varronem
763 3431 870 3485 omnino
888 3448 942 3486 non
960 3433 1066 3502 legitur.

302 3527 328 3593 2)
348 3525 392 3578 Sic
420 3541 482 3592 eg03
510 3525 585 3578 codd.
614 3524 694 3591 ‘quod
721 3524 775 3576 ita‘.
822 3523 862 3576 De
889 3524 1015 3578 iunctura
1041 3521 1132 3594 ‘quom
1158 3527 1258 3580 tamen·

192 3618 243 3670 cfr.
262 3616 311 3684 IX,
330 3615 400 3685 540,
420 3633 446 3683 p.
458 3615 519 3671 485.

301 3709 328 3777 3)
347 3708 387 3760 ‘ut
405 3707 511 3760 dicitur·
532 3707 550 3761 i.
570 3723 592 3765 e,
613 3707 645 3760 de
669 3710 725 3760 arte
754 3710 795 3761 est
818 3723 872 3760 nna
899 3708 1024 3762 omnibus
1049 3709 1182 3762 sententia
1208 3709 1261 3777 (sc.

197 3816 250 3853 non
269 3814 328 3854 earn
348 3815 406 3853 osse
425 3799 683 3867 reprehendendam,
702 3799 749 3851 sed
768 3798 918 3867 artificem),
939 3799 971 3852 de
984 3800 1106 3868 analogia
1117 3817 1172 3855 non
1184 3801 1260 3860 item.

300 3892 329 3961 4)
351 3891 387 3943 De
406 3891 457 3954 hoc
475 3889 622 3958 particulae
642 3906 694 3943 usu
712 3906 793 3958 snpra
812 3890 938 3944 diximus.

302 3983 330 4051 5)
349 3981 413 4036 Post
431 3982 481 4035 hoc
501 3981 612 4034 verbum
634 3981 662 4032 in
675 3980 751 4035 codd.
771 3984 812 4034 est
830 3977 885 4048 ‘ut',
905 3984 998 4035 notum
1012 3999 1046 4034 ex
1058 3983 1161 4038 ultimis
1174 3983 1263 4039 literis

193 4074 271 4128 verbi
289 4064 470 4128 'conveniunt'
492 4071 615 4141 (Maeli).
