2782 4614
725 246 768 340 ao

218 432 224 447 ¹
328 464 511 529 Formulam
547 483 629 546 quae
663 467 710 526 est
744 461 799 533 sic
834 463 911 533 item
944 465 980 526 in
1013 464 1105 530 libris
1141 466 1179 530 de
1213 467 1232 530 l.
1262 469 1284 530 l.

222 576 360 659 saepius,
396 593 573 656 numquam
609 573 644 634 in
675 571 763 636 libris
794 572 832 636 de
855 594 879 635 r.
896 595 920 636 r.
947 573 1088 638 Varroni
1115 576 1287 659 placuisse,

221 686 307 749 idem
339 684 393 747 ille
412 682 682 764 Grossrnannus¹)
711 682 842 746 iuventt.
886 684 993 766 Atque
1028 684 1175 768 exempla
1214 687 1286 750 eius

221 793 377 858 formulae
411 792 512 856 multa
545 790 603 854 ubi
637 790 847 854 inveniantur
876 793 1021 856 numeris
1055 796 1186 876 notavit,
1224 814 1288 858 nec

221 909 329 967 tamen
357 903 471 967 omnia.
520 898 626 976 Quare
650 919 707 984 ego
734 901 922 983 praesertim
952 921 1027 965 oum
1057 909 1106 968 est
1129 905 1285 968 nonnulla

221 1015 255 1077 in
292 1012 380 1076 illius
415 1010 476 1073 viri
514 1010 737 1073 dissertatione
762 1009 867 1073 desint
890 1015 921 1073 et
943 1013 1023 1074 ratio
1056 1033 1120 1095 qua
1141 1015 1195 1077 ille
1223 1034 1285 1078 nu-

221 1142 326 1187 meros
358 1121 448 1185 affert
478 1139 515 1184 ea
547 1121 595 1201 sit,
628 1123 755 1182 utnon
786 1119 878 1182 facile
913 1121 1061 1204 exempla
1094 1110 1284 1205 1116111139)

222 1232 370 1315 denique,
395 1232 470 1314 quia
494 1230 564 1293 sine
587 1229 654 1291 ullo
676 1228 859 1291 discrimine
891 1248 928 1292 ac
956 1230 1075 1293 iudicio
1099 1231 1185 1293 locos
1210 1250 1287 1293 con-

217 1340 339 1422 111111,
372 1341 429 1422 qui
463 1359 544 1402 usus
575 1339 616 1402 sit
637 1337 724 1401 illius
752 1337 916 1419 formulae,
950 1358 1153 1422 nequaquam
1185 1341 1286 1421 possit

224 1451 381 1533 cognosci,
413 1448 560 1532 exempla
592 1448 708 1510 iterum
738 1466 795 1530 pro
828 1466 862 1510 se
895 1448 1048 1530 quodque
1076 1454 1149 1511 ante
1173 1435 1286 1511 oculos

221 1580 309 1622 nuno
332 1577 514 1643 proponam.

258 1649 263 1660 ¹
329 1667 361 1750 a)
396 1668 511 1750 Itaque
546 1685 577 1734 e>
599 1669 709 1749 quinto
741 1667 779 1730 de
801 1668 821 1729 l.
845 1668 864 1730 1.
902 1665 984 1729 libro
1016 1668 1107 1730 locus
1145 1669 1201 1751 qui
1236 1674 1284 1731 est

222 1779 240 1861 ξ
262 1778 335 1859 168,
356 1799 385 1861 p.
405 1777 478 1857 169,
499 1777 534 1838 in
550 1775 714 1840 codicibus
730 1777 869 1840 traditur
885 1776 945 1839 sic:
972 1775 1106 1839 ‘Graeco
1130 1783 1206 1840 sunt
1221 1777 1283 1841 Pe-

221 1888 402 1950 ristromata
436 1891 467 1950 et
501 1886 753 1969 Peripetasmata
788 1887 834 1949 sio
869 1885 990 1966 aliquid
1025 1887 1104 1948 item
1142 1887 1283 1948 convivii

223 2016 321 2060 causa
343 1995 408 2060 ibi?

326 2104 481 2169 Mendosa
503 2106 582 2168 haec
604 2106 670 2167 iam
692 2104 855 2168 veteribus
875 2103 1031 2167 Varronis
1052 2104 1285 2187 interpretibus

222 2262 319 2331 (niodo,
338 2263 454 2331 tantum)
473 2292 506 2300 -
526 2263 572 2316 sed
591 2261 687 2333 eliam',
717 2279 865 2330 numquam
882 2257 939 2316 ‘sed
958 2252 1070 2332 quoquo'
1093 2262 1186 2330 (quare
1204 2265 1231 2315 et
1249 2263 1284 2316 (16

220 2353 337 2420 11111,
356 2353 418 2422 §47
432 2352 577 2406 Muellerus
595 2353 741 2420 peccauit);
760 2355 818 2406 tum
837 2370 902 2407 vero
920 2353 1004 2407 multo
1023 2353 1126 2406 minore
1144 2353 1284 2408 molimine

220 2443 310 2498 locum
337 2444 485 2498 correxisse
513 2443 581 2496 mihi
608 2444 702 2498 ridoor
727 2445 782 2498 sic:
810 2439 880 2497 ‘dico
900 2460 948 2498 nos
976 2460 1029 2497 non
1049 2444 1283 2498 dissimilitudines

221 2551 325 2603 quoque
344 2536 420 2602 sequi
439 2535 536 2603 saepe’.
574 2536 653 2591 Unus
670 2535 699 2588 in
716 2536 759 2588 his
788 2536 820 2588 de
839 2535 857 2592 1,
876 2535 989 2589 1.·1111113
1017 2538 1100 2589 restat
1127 2538 1282 2591 huiusmodi

218 2625 294 2679 locus
313 2626 370 2680 hic:
398 2626 435 2695 X,
454 2628 470 2696 ξ
490 2629 523 2683 65
542 2647 559 2698 p
587 2630 638 2684 581
666 2623 729 2681 ‘Res
748 2644 815 2696 quae
843 2627 934 2681 uerbis
963 2627 1090 2680 dicuntur
1111 2628 1282 2696 proportione

218 2734 306 2786 nequo
325 2735 341 2772 a
359 2718 536 2775 similitudine
555 2737 660 2790 quoque
677 2736 775 2776 vocum
795 2717 946 2773 declinatus
964 2717 1079 2773 habent’.
1099 2749 1132 2758 -
1152 2719 1281 2773 inlibris

220 2810 252 2862 (16
270 2826 292 2865 r.
311 2827 331 2862 r.
351 2810 402 2864 hao
420 2811 535 2866 formula
552 2813 639 2870 Varro
657 2829 711 2865 non
728 2813 827 2878 utitur3
856 2827 918 2864 nam
938 2810 984 2879 qui
1003 2810 1131 2878 praebent
1149 2827 1208 2864 caui
1226 2810 1279 2864 loei

218 2900 239 2967 Ι,
259 2903 284 2972 2,
295 2901 342 2969 283
370 2902 419 2972 111,
439 2905 522 2970 7,11;
553 2905 639 2971 16,15
667 2935 700 2943 -
728 2904 756 2956 in
776 2904 879 2957 duobus
903 2901 959 2955 illis
977 2901 1094 2970 legimus
1111 2896 1198 2970 ‘quasi
1215 2919 1282 2956 vero

218 3008 272 3045 non
292 3037 297 3048 .
318 3034 324 3046 .
344 2985 466 3061 quoque,
484 2995 513 3046 in
531 2996 609 3050 tertio
627 2992 690 3049 ‘non
709 3011 761 3063 quo
779 3012 832 3048 non
852 3038 858 3050 .
879 3040 885 3052 ,
905 2983 1017 3061 quoque‘
1039 3024 1082 3061 ——,
1101 2993 1140 3046 ibi
1158 2995 1281 3062 negatio-

218 3099 279 3136 nem
298 3099 352 3138 non
370 3084 403 3138 ad
421 3085 581 3152 particulam
599 3081 721 3155 ‘quoque'
739 3086 907 3140 referundam
926 3101 984 3138 esse
1001 3087 1117 3152 apparot.

323 3174 362 3228 Ut
380 3176 412 3228 de
430 3176 552 3246 formula,
572 3181 694 3246 quaeest
710 3172 849 3248 ‘quoque
869 3209 902 3218 -κ
921 3167 997 3230 non'
1019 3177 1109 3229 statim
1123 3176 1280 3246 adiungam,

218 3281 286 3333 quae
304 3268 331 3320 61
348 3266 408 3334 ipsa
425 3283 479 3320 non
497 3267 596 3337 legitur
613 3269 667 3322 nisi
684 3269 714 3322 in
732 3269 808 3322 libris
827 3269 859 3321 do
877 3268 894 3324 l.
914 3268 940 3335 1.,
967 3268 1089 3336 exempla
1108 3268 1166 3321 eius
1185 3267 1278 3320 inveni

216 3357 297 3412 hacc:
316 3359 404 3426 VIIII,
425 3359 441 3428 ξ
460 3359 494 3414 23
512 3378 538 3429 p.
557 3362 608 3416 471
628 3355 666 3414 ‘Si
684 3377 769 3429 usque
788 3375 893 3428 quaque
912 3377 965 3414 non
983 3363 1054 3414 esset
1072 3359 1201 3428 analogia,
1219 3362 1278 3411 tum

216 3447 385 3517 3661656111,
412 3450 489 3503 utin
517 3451 607 3505 vorbis
631 3468 736 3521 quoque
754 3468 807 3504 non
825 3451 912 3520 esset’,
932 3452 979 3507 olr.
998 3451 1134 3504 Kuolrnor.
1155 3451 1198 3503 Gr.
1218 3451 1275 3506 Lat.

216 3538 439 3608 1121166711
466 3543 491 3597 3.
520 3544 566 3596 cfr.
586 3543 635 3615 IX,
654 3544 670 3612 ἕ
689 3544 723 3598 32
742 3561 766 3612 p.
787 3544 846 3598 477.
883 3544 958 3612 VIII,
977 3543 993 3612 ξ
1012 3544 1047 3597 30
1071 3561 1096 3612 p.
1115 3544 1180 3609 4133
1208 3543 1276 3610 §ot

215 3646 240 3697 p.
259 3632 325 3699 4333
349 3632 399 3701 ΙΧ,
419 3633 435 3702 §
455 3635 506 3688 115
524 3651 550 3702 p.
570 3636 622 3690 542
649 3629 742 3704 (aliud
761 3634 840 3689 debet
866 3638 1001 3704 praestare
1019 3634 1142 3703 populus,
1170 3633 1278 3687 alinde

215 3721 313 3789 populo
331 3723 431 3792 siuguli
449 3725 581 3780 homines.
617 3726 711 3796 Neque
729 3727 757 3780 id
776 3727 876 3781 nurum
894 3730 943 3796 est,
967 3743 1029 3781 cum
1054 3725 1152 3793 singuli
1171 3739 1280 3792 quoque

215 3828 269 3867 non
287 3813 341 3867 sint
359 3816 450 3869 codem
469 3807 555 3886 iure').

321 3906 348 3974 1)
366 3906 383 3960 l.
403 3923 426 3963 o.
445 3923 470 3974 p.
491 3907 524 3961 15
543 3924 581 3978 sq.

322 3997 348 4067 2)
367 3997 483 4066 Paginas
510 3998 556 4053 hic
584 3999 649 4054 citat
674 4001 799 4055 editionis
825 4000 993 4069 Bipontinae‚
1024 3999 1080 4054 illic
1107 4000 1167 4054 eius
1195 4016 1278 4069 quam

209 4086 368 4155 *Stephanus
387 4091 490 4144 curavit
508 4090 566 4161 (cfr.
579 4091 701 4163 Spengel.
721 4092 808 4147 Praef.
827 4110 853 4161 p.
866 4091 993 4147 XXXVI
1011 4091 1063 4161 sq.)
