2782 4614
674 322 714 385 70

164 513 261 577 huius
284 512 459 595 particulae
484 511 631 594 exempla
653 513 765 574 inveni
788 511 865 574 haec
890 511 969 574 duo:
1006 511 1062 593 Vl,
1086 513 1105 594 ξ
1130 512 1171 576 36
1195 535 1225 598 p.

165 621 229 684 216
261 629 300 696 (c.
335 620 531 703 quingentae
563 620 707 702 species);
741 619 814 700 VII,
843 621 862 702 ξ
888 620 927 682 76
957 642 985 704 p.
1008 619 1071 682 356
1105 621 1226 686 {Huius

168 737 257 796 ortus
282 729 441 815 significat
464 729 590 791 circiter
608 720 682 793 'esse
706 734 883 792 extremam
907 736 1050 794 noctem.

271 841 381 905 Liceat
403 839 483 901 mihi
505 837 535 902 h.
560 838 588 921 l.
608 838 647 902 de
670 858 705 902 re
730 839 868 921 quadarn
886 838 986 902 verba
1004 839 1110 903 facere
1134 860 1228 923 quae,

79 950 83 957 ’
167 952 301 1015 sirecte
325 953 366 1014 011
390 947 621 1029 animadversa,
645 948 768 1030 etipsa
799 949 975 1012 discrimen
1003 949 1228 1013 1010110100-

161 1063 218 1125 010
243 1063 281 1125 de
304 1082 328 1124 r.
352 1081 376 1122 r.
401 1064 432 1122 et
455 1059 494 1121 de
518 1058 537 1119 l.
560 1057 580 1118 l.
603 1056 702 1119 libros
726 1056 849 1120 efficiat.
897 1057 957 1120 Vir
979 1059 1066 1120 enim
1090 1059 1228 1122 clarissi-

166 1192 248 1235 mus.
277 1169 309 1235 O.
339 1169 371 1232 F.
403 1168 454 1232 W.
486 1163 693 1237 Muellerusl)
719 1166 757 1228 de
786 1166 857 1229 loco
889 1168 945 1250 qui
981 1172 1029 1230 est
1056 1167 1108 1230 IX
1137 1169 1155 1249 ἓ
1186 1165 1228 1229 23

166 1303 195 1364 p.
220 1281 282 1342 471
310 1280 477 1361 disputans
499 1296 556 1361 pro
582 1274 721 1337 ‘nomen'
742 1275 907 1356 vocabulo,
931 1277 1018 1359 quod
1039 1283 1229 1361 corruptum

172 1410 243 1455 esse
271 1394 527 1454 consentaneum
555 1389 612 1465 est,
642 1386 677 1447 in
705 1384 813 1448 codice
844 1386 945 1449 fuisse
977 1385 1136 1472 ι0000010,
1175 1405 1229 1448 su*

169 1501 318 1583 spicatum
341 1517 448 1581 neque
465 1497 570 1559 solum
585 1494 646 1557 hoc
668 1494 748 1575 loco,
772 1496 828 1558 sed
847 1496 919 1558 aliis
936 1495 1129 1577 quibusdam
1147 1515 1228 1578 quos

169 1609 277 1672 statim
303 1608 445 1670 afferam:
469 1604 528 1686 IX,
553 1605 571 1685 ἓ
597 1602 638 1665 94
661 1624 691 1686 p.
720 1604 781 1665 527
805 1624 863 1688 pro
889 1624 926 1668 eo
946 1606 1032 1687 quod
1052 1605 1086 1667 in
1111 1606 1229 1668 codici-

166 1717 229 1782 bus
260 1718 339 1780 falso
374 1717 538 1799 proditum
572 1717 620 1777 est
644 1713 720 1776 ‘non
754 1713 865 1792 enim'3
897 1712 999 1794 IX,{}
1036 1715 1077 1777 79
1100 1736 1129 1798 p.
1156 1715 1229 1792 514,

166 1827 222 1890 ubi
245 1831 369 1890 veteres
392 1825 466 1888 libri
489 1825 529 1887 ad
552 1843 657 1887 unum
682 1842 792 1886 omnes
808 1824 922 1906 legunt
946 1822 1041 1886 ‘nora
1063 1823 1153 1903 non’;
1178 1824 1228 1888 IX

166 1939 184 2018 ᾗ
211 1935 274 1998 112
297 1957 326 2019 p.
348 1934 411 1998 539
435 1943 515 1998 extr.
548 1952 605 2016 pro
630 1952 667 1996 ea
702 1952 784 2015 quae
817 1934 964 1996 codicum
998 1939 1046 1997 est
1070 1936 1230 2017 scriptura

166 2045 243 2108 ‘non
265 2043 319 2107 in'

271 2152 320 2217 De
354 2152 473 2236 quibus
503 2153 582 2216 locis
616 2152 790 2216 Muellerus
813 2153 833 2214 l.
858 2171 883 2215 c.
907 2154 941 2215 in
973 2155 1060 2217 hunc
1094 2154 1229 2216 modum

166 2264 300 2327 disserit.
350 2262 439 2326 ‘Was
461 2263 570 2325 hinter
592 2263 700 2325 diesen
716 2262 830 2326 hbchst
846 2262 1017 2326 auffallend
1033 2263 1148 2346 genade
1173 2264 1230 2327 der

160 2371 306 2436 Partilrel
334 2391 399 2434 non
436 2371 743 2435 iibereinstimmend
775 2371 988 2435 anhaftenden
1016 2373 1231 2456 Anht'mgseln

160 2503 213 2546 nu
238 2483 360 2546 snchen
383 2482 434 2560 ist,
458 2481 514 2543 das
537 2500 578 2542 zu
601 2481 719 2543 wissen
735 2481 842 2544 werde
864 2482 916 2544 ich
940 2482 1023 2544 mich
1052 2483 1155 2545 hiiten
1183 2485 1232 2545 mi

160 2593 263 2655 voller
285 2589 523 2654 Bestimmtheit
555 2609 597 2651 au
628 2588 819 2672 behauptem
848 2590 925 2654 aber
956 2594 1012 2657 des
1035 2592 1153 2675 glaube
1176 2593 1231 2655 ich

161 2705 323 2764 vertreten
346 2720 388 2762 au
410 2699 551 2779 lrdnnen,
575 2699 648 2762 dass
669 2699 785 2781 pedem,
810 2701 865 2764 der
889 2702 956 2764 sich
981 2703 1131 2782 erinnem,
1156 2703 1231 2766 dass

162 2945 291 2999 exhibent
314 2945 347 3011 V,
379 2946 448 3013 §25
479 2963 502 3012 p.
523 2946 565 3011 42,
593 2945 642 3013 qui
671 2944 747 2999 locus
777 2946 807 2998 in
838 2946 928 3000 codice
947 2946 1018 3002 Flor.
1051 2947 1089 3001 sic
1114 2947 1228 3016 legitur:

165 3036 288 3104 ‘Puteoli
307 3036 378 3105 quod
396 3037 530 3089 incircum
549 3037 717 3091 eumlocum
736 3054 821 3105 aquae
839 3038 950 3104 frigidae
968 3041 994 3091 01
1006 3039 1097 3092 caldae
1111 3040 1231 3094 multae’.

161 3126 206 3179 Illi
225 3142 292 3196 quos
311 3127 369 3179 dixi
388 3126 450 3179 libri
469 3143 516 3195 pro
535 3127 617 3180 verbo
634 3121 782 3180 ‘incircum’
803 3129 902 3182 habent
919 3124 982 3182 ‘sint
1001 3129 1088 3183 oirca'.
1114 3130 1230 3198 101010-

163 3219 232 3272 lecto
260 3218 401 3271 offensioni
430 3220 471 3272 est
497 3218 630 3287 particula
656 3235 789 3288 nusquam
814 3220 877 3274 alibi
896 3238 945 3274 nec
964 3222 997 3275 ab
1016 3225 1106 3275 nostro
1125 3239 1176 3274 neo
1195 3224 1231 3277 ab

167 3308 219 3362 alio
247 3309 337 3376 aliquo
365 3309 494 3378 scriptore
522 3310 652 3378 admissa3
680 3311 772 3379 itaque
798 3311 923 3366 Handius
951 3312 978 3382 (1.
1005 3330 1026 3365 o.
1051 3313 1086 3381 Π,
1114 3330 1139 3381 p.
1164 3315 1231 3381 358)

170 3391 286 3454 ‘Dubito'
316 3401 406 3469 inquit
432 3396 615 3456 ‘vehementer
640 3404 672 3456 de
695 3419 748 3456 usu
771 3403 977 3471 praepositionis
996 3421 1048 3458 non
1067 3404 1230 3474 adverbiali3

161 3493 211 3546 sed
229 3495 354 3561 exspecto
383 3493 470 3546 adhuc
494 3494 656 3548 defensionis
681 3497 844 3563 argumenta
874 3497 994 3549 nondum
1017 3497 1119 3550 aviris
1142 3498 1231 3552 doctis

162 3583 302 3652 exposita’.
341 3583 398 3638 Nos
421 3585 531 3652 quidem
553 3585 696 3638 lectionem
720 3603 787 3656 quae
812 3590 853 3641 001
871 3583 935 3642 ‘sint
953 3587 1031 3642 circa’
1055 3588 1149 3642 falsam
1169 3605 1231 3643 0000

162 3676 308 3743 oredimus,
328 3676 376 3729 sed
394 3677 428 3729 de
447 3675 546 3730 tradita
563 3675 678 3732 lectione
698 3695 760 3732 cum
773 3678 880 3735 Handio
894 3680 1056 3734 dubitamus.
1092 3680 1186 3749 Itaque
1205 3680 1230 3733 si

161 3768 348 3822 emendatione
367 3783 434 3835 opus
453 3769 501 3834 est,
520 3768 598 3822 nobis
616 3769 786 3840 potissimum
805 3772 893 3842 placet
912 3771 955 3824 ‘in'
975 3770 1108 3841 particula
1125 3774 1229 3825 remota

160 3857 215 3927 legi
233 3858 360 3927 ί0100001,
384 3875 437 3927 qua
464 3860 598 3928 particula
622 3861 778 3931 saepissime
806 3868 897 3919 noster
920 3880 988 3918 usus
1005 3864 1054 3916 est.
1073 3892 1107 3899 —
1126 3861 1231 3914 Eadem

159 3953 240 4019 atque
258 3949 408 4004 ‘incircum'
427 3950 530 4004 ratione
549 3951 693 4006 formatum
712 3956 753 4008 est
777 3956 939 4011 vocabulum
957 3953 1122 4022 ‘inversum
1157 3953 1231 4022 quod

159 4043 231 4112 apud
249 4045 371 4097 nostrum
390 4043 465 4096 extat
483 4042 543 4111 VH,
563 4043 579 4113 ἕ
599 4044 634 4099 82
651 4062 677 4113 p.
696 4046 758 4100 361.

266 4134 293 4206 1)
311 4135 329 4191 l.
348 4152 370 4190 0.
390 4151 415 4202 p.
433 4133 495 4192 423.
