<?xml version="1.0" encoding="UTF-8"?>
<!DOCTYPE html PUBLIC "-//W3C//DTD XHTML 1.0 Transitional//EN"
    "http://www.w3.org/TR/xhtml1/DTD/xhtml1-transitional.dtd">
<html xmlns="http://www.w3.org/1999/xhtml" xml:lang="en" lang="en">
 <head>
  <title>
</title>
<meta http-equiv="Content-Type" content="text/html;charset=utf-8" />
  <meta name='ocr-system' content='tesseract 3.04.00' />
  <meta name='ocr-capabilities' content='ocr_page ocr_carea ocr_par ocr_line ocrx_word'/>
</head>
<body>
  <div class='ocr_page' id='page_1' title='image "./quaestionesvarr00reitgoog_0133.png"; bbox 0 0 2782 4614; ppageno 0'>
   <div class='ocr_carea' id='block_1_1' title="bbox 599 883 785 980">
    <p class='ocr_par' dir='ltr' id='par_1_1' title="bbox 599 883 785 980">
     <span class='ocr_line' id='line_1_1' title="bbox 599 883 785 980; baseline 0.011 -4"><span class='ocrx_word' id='word_1_1' title='bbox 599 883 785 980; x_wconf 79' lang='lat' dir='ltr'>Vita.</span> 
     </span>
    </p>
   </div>
   <div class='ocr_carea' id='block_1_2' title="bbox 158 1081 1229 1725">
    <p class='ocr_par' dir='ltr' id='par_1_2' title="bbox 158 1081 1229 1725">
     <span class='ocr_line' id='line_1_2' title="bbox 265 1081 1229 1180; baseline 0.008 -26"><span class='ocrx_word' id='word_1_2' title='bbox 265 1091 374 1174; x_wconf 82' lang='lat' dir='ltr'>Hugo</span> <span class='ocrx_word' id='word_1_3' title='bbox 408 1091 539 1156; x_wconf 89' lang='lat' dir='ltr'>Reiter</span> <span class='ocrx_word' id='word_1_4' title='bbox 568 1097 665 1156; x_wconf 90' lang='lat' dir='ltr'>natus</span> <span class='ocrx_word' id='word_1_5' title='bbox 694 1112 768 1155; x_wconf 90' lang='lat' dir='ltr'>sum</span> <span class='ocrx_word' id='word_1_6' title='bbox 790 1081 974 1171; x_wconf 79' lang='lat' dir='ltr'>RoesseliiS,</span> <span class='ocrx_word' id='word_1_7' title='bbox 1006 1096 1041 1158; x_wconf 89' lang='lat' dir='ltr'>in</span> <span class='ocrx_word' id='word_1_8' title='bbox 1074 1098 1229 1180; x_wconf 84' lang='lat' dir='ltr'>oppidulo</span> 
     </span>
     <span class='ocr_line' id='line_1_3' title="bbox 158 1200 1229 1291; baseline 0.007 -27"><span class='ocrx_word' id='word_1_9' title='bbox 158 1202 310 1266; x_wconf 87' lang='lat' dir='ltr'>Prussiae</span> <span class='ocrx_word' id='word_1_10' title='bbox 335 1202 513 1282; x_wconf 72' lang='lat' dir='ltr'>orientalis,-</span> <span class='ocrx_word' id='word_1_11' title='bbox 532 1223 557 1264; x_wconf 91' lang='lat' dir='ltr'>a.</span> <span class='ocrx_word' id='word_1_12' title='bbox 583 1203 611 1264; x_wconf 89' lang='lat' dir='ltr'>d.</span> <span class='ocrx_word' id='word_1_13' title='bbox 628 1201 700 1264; x_wconf 87' lang='lat' dir='ltr'>VH.</span> <span class='ocrx_word' id='word_1_14' title='bbox 723 1201 770 1264; x_wconf 89' lang='lat' dir='ltr'>Id.</span> <span class='ocrx_word' id='word_1_15' title='bbox 795 1200 918 1284; x_wconf 83' lang='lat' dir='ltr'>Septbr.</span> <span class='ocrx_word' id='word_1_16' title='bbox 942 1206 1019 1267; x_wconf 84' lang='lat' dir='ltr'>anni</span> <span class='ocrx_word' id='word_1_17' title='bbox 1036 1206 1132 1271; x_wconf 86' lang='grc'><strong>1858.</strong></span> <span class='ocrx_word' id='word_1_18' title='bbox 1170 1228 1229 1291; x_wconf 86' lang='lat' dir='ltr'>pa·</span> 
     </span>
     <span class='ocr_line' id='line_1_4' title="bbox 158 1308 1223 1394; baseline 0.005 -20"><span class='ocrx_word' id='word_1_19' title='bbox 158 1308 307 1375; x_wconf 81' lang='lat' dir='ltr'>rentibus</span> <span class='ocrx_word' id='word_1_20' title='bbox 331 1310 436 1373; x_wconf 88' lang='lat' dir='ltr'>adhuc</span> <span class='ocrx_word' id='word_1_21' title='bbox 467 1311 561 1388; x_wconf 81' lang='lat' dir='ltr'>rivis,</span> <span class='ocrx_word' id='word_1_22' title='bbox 595 1317 683 1394; x_wconf 87' lang='lat' dir='ltr'>patre</span> <span class='ocrx_word' id='word_1_23' title='bbox 706 1310 873 1392; x_wconf 82' lang='lat' dir='ltr'>Andrea,</span> <span class='ocrx_word' id='word_1_24' title='bbox 905 1317 1006 1376; x_wconf 86' lang='lat' dir='ltr'>matre</span> <span class='ocrx_word' id='word_1_25' title='bbox 1038 1312 1223 1379; x_wconf 83' lang='lat' dir='ltr'>Mathilda</span> 
     </span>
     <span class='ocr_line' id='line_1_5' title="bbox 160 1419 1228 1505; baseline 0.005 -21"><span class='ocrx_word' id='word_1_26' title='bbox 160 1440 177 1484; x_wconf 89' lang='lat' dir='ltr'>e</span> <span class='ocrx_word' id='word_1_27' title='bbox 201 1425 296 1505; x_wconf 86' lang='lat' dir='ltr'>gente</span> <span class='ocrx_word' id='word_1_28' title='bbox 318 1419 516 1483; x_wconf 80' lang='lat' dir='ltr'>Latlriana.</span> <span class='ocrx_word' id='word_1_29' title='bbox 554 1419 645 1483; x_wconf 84' lang='lat' dir='ltr'>Fidei</span> <span class='ocrx_word' id='word_1_30' title='bbox 668 1420 816 1483; x_wconf 89' lang='lat' dir='ltr'>addictus</span> <span class='ocrx_word' id='word_1_31' title='bbox 840 1439 911 1482; x_wconf 89' lang='lat' dir='ltr'>snm</span> <span class='ocrx_word' id='word_1_32' title='bbox 936 1423 1118 1488; x_wconf 86' lang='lat' dir='ltr'>catholicae.</span> <span class='ocrx_word' id='word_1_33' title='bbox 1160 1424 1228 1488; x_wconf 89' lang='lat' dir='ltr'>No-</span> 
     </span>
     <span class='ocr_line' id='line_1_6' title="bbox 159 1529 1228 1616; baseline 0.007 -25"><span class='ocrx_word' id='word_1_34' title='bbox 159 1549 233 1593; x_wconf 86' lang='lat' dir='ltr'>vem</span> <span class='ocrx_word' id='word_1_35' title='bbox 257 1549 418 1592; x_wconf 90' lang='lat' dir='ltr'>annorum</span> <span class='ocrx_word' id='word_1_36' title='bbox 440 1548 521 1612; x_wconf 90' lang='lat' dir='ltr'>puer</span> <span class='ocrx_word' id='word_1_37' title='bbox 543 1531 665 1614; x_wconf 84' lang='lat' dir='ltr'>patriae</span> <span class='ocrx_word' id='word_1_38' title='bbox 689 1529 779 1592; x_wconf 85' lang='lat' dir='ltr'>urbis</span> <span class='ocrx_word' id='word_1_39' title='bbox 808 1530 1016 1611; x_wconf 83' lang='lat' dir='ltr'>gymnasium</span> <span class='ocrx_word' id='word_1_40' title='bbox 1044 1533 1109 1596; x_wconf 87' lang='lat' dir='ltr'>adii</span> <span class='ocrx_word' id='word_1_41' title='bbox 1140 1535 1228 1616; x_wconf 87' lang='lat' dir='ltr'>quod</span> 
     </span>
     <span class='ocr_line' id='line_1_7' title="bbox 160 1633 1229 1725; baseline 0.004 -23"><span class='ocrx_word' id='word_1_42' title='bbox 160 1640 344 1702; x_wconf 77' lang='lat' dir='ltr'>etiamnunc</span> <span class='ocrx_word' id='word_1_43' title='bbox 367 1638 460 1702; x_wconf 87' lang='lat' dir='ltr'>floret</span> <span class='ocrx_word' id='word_1_44' title='bbox 483 1633 636 1721; x_wconf 78' lang='lat' dir='ltr'>auspiciis</span> <span class='ocrx_word' id='word_1_45' title='bbox 658 1641 722 1701; x_wconf 85' lang='lat' dir='ltr'>viri</span> <span class='ocrx_word' id='word_1_46' title='bbox 745 1638 922 1700; x_wconf 77' lang='lat' dir='ltr'>doctissimi</span> <span class='ocrx_word' id='word_1_47' title='bbox 945 1637 966 1700; x_wconf 94' lang='lat' dir='ltr'><strong>J</strong></span> <span class='ocrx_word' id='word_1_48' title='bbox 973 1641 1105 1723; x_wconf 90' lang='lat' dir='ltr'>osephi</span> <span class='ocrx_word' id='word_1_49' title='bbox 1121 1641 1229 1725; x_wconf 84' lang='lat' dir='ltr'>Frey,</span> 
     </span>
    </p>
   </div>
   <div class='ocr_carea' id='block_1_3' title="bbox 160 1748 1232 2144">
    <p class='ocr_par' dir='ltr' id='par_1_3' title="bbox 160 1748 1232 2144">
     <span class='ocr_line' id='line_1_8' title="bbox 160 1748 1230 1834; baseline 0.005 -23"><span class='ocrx_word' id='word_1_50' title='bbox 160 1749 248 1812; x_wconf 95' lang='lat' dir='ltr'>unde</span> <span class='ocrx_word' id='word_1_51' title='bbox 261 1753 418 1811; x_wconf 89' lang='lat' dir='ltr'>autumno</span> <span class='ocrx_word' id='word_1_52' title='bbox 431 1751 508 1812; x_wconf 91' lang='lat' dir='ltr'>anni</span> <span class='ocrx_word' id='word_1_53' title='bbox 522 1748 616 1812; x_wconf 80' lang='lat'>1877.</span> <span class='ocrx_word' id='word_1_54' title='bbox 643 1748 865 1812; x_wconf 88' lang='lat' dir='ltr'>testimonium</span> <span class='ocrx_word' id='word_1_55' title='bbox 887 1750 1079 1813; x_wconf 84' lang='lat' dir='ltr'>maturitatis</span> <span class='ocrx_word' id='word_1_56' title='bbox 1092 1751 1230 1834; x_wconf 85' lang='lat' dir='ltr'>adeptus</span> 
     </span>
     <span class='ocr_line' id='line_1_9' title="bbox 160 1857 1231 1941; baseline 0.004 -21"><span class='ocrx_word' id='word_1_57' title='bbox 160 1857 403 1940; x_wconf 85' lang='lat' dir='ltr'>Regimontium</span> <span class='ocrx_word' id='word_1_58' title='bbox 426 1878 478 1922; x_wconf 90' lang='lat' dir='ltr'>me</span> <span class='ocrx_word' id='word_1_59' title='bbox 503 1860 634 1939; x_wconf 62' lang='lat' dir='ltr'>consulu</span> <span class='ocrx_word' id='word_1_60' title='bbox 662 1859 755 1921; x_wconf 88' lang='lat' dir='ltr'>utin</span> <span class='ocrx_word' id='word_1_61' title='bbox 781 1857 896 1920; x_wconf 90' lang='lat' dir='ltr'>studiis</span> <span class='ocrx_word' id='word_1_62' title='bbox 919 1860 1122 1941; x_wconf 87' lang='lat' dir='ltr'>potissimum</span> <span class='ocrx_word' id='word_1_63' title='bbox 1146 1863 1231 1924; x_wconf 85' lang='lat' dir='ltr'>anti-</span> 
     </span>
     <span class='ocr_line' id='line_1_10' title="bbox 162 1967 1232 2052; baseline 0.003 -22"><span class='ocrx_word' id='word_1_64' title='bbox 162 1968 293 2050; x_wconf 84' lang='lat' dir='ltr'>quitatis</span> <span class='ocrx_word' id='word_1_65' title='bbox 316 1971 444 2051; x_wconf 86' lang='lat' dir='ltr'>ternpus</span> <span class='ocrx_word' id='word_1_66' title='bbox 468 1986 661 2052; x_wconf 82' lang='lat' dir='ltr'>operamque</span> <span class='ocrx_word' id='word_1_67' title='bbox 686 1967 883 2031; x_wconf 87' lang='lat' dir='ltr'>collocarem.</span> <span class='ocrx_word' id='word_1_68' title='bbox 922 1968 1045 2031; x_wconf 85' lang='lat' dir='ltr'>Audivi</span> <span class='ocrx_word' id='word_1_69' title='bbox 1061 1988 1119 2052; x_wconf 86' lang='lat' dir='ltr'>par</span> <span class='ocrx_word' id='word_1_70' title='bbox 1135 1976 1232 2051; x_wconf 86' lang='lat' dir='ltr'>quat-</span> 
     </span>
     <span class='ocr_line' id='line_1_11' title="bbox 160 2077 825 2144; baseline 0.003 -6"><span class='ocrx_word' id='word_1_71' title='bbox 160 2081 235 2139; x_wconf 88' lang='lat' dir='ltr'>tuor</span> <span class='ocrx_word' id='word_1_72' title='bbox 258 2096 360 2140; x_wconf 90' lang='lat' dir='ltr'>anuos</span> <span class='ocrx_word' id='word_1_73' title='bbox 384 2079 471 2141; x_wconf 80' lang='lat' dir='ltr'>viros</span> <span class='ocrx_word' id='word_1_74' title='bbox 493 2078 729 2144; x_wconf 82' lang='lat' dir='ltr'>illustrissimos</span> <span class='ocrx_word' id='word_1_75' title='bbox 752 2077 825 2140; x_wconf 91' lang='lat' dir='ltr'>hos:</span> 
     </span>
    </p>
   </div>
   <div class='ocr_carea' id='block_1_4' title="bbox 373 2164 1229 2270">
    <p class='ocr_par' dir='ltr' id='par_1_4' title="bbox 373 2164 1229 2270">
     <span class='ocr_line' id='line_1_12' title="bbox 373 2164 1229 2270; baseline 0.002 -21"><span class='ocrx_word' id='word_1_76' title='bbox 373 2186 619 2270; x_wconf 68' lang='lat' dir='ltr'>Beaaeaoar9er‚</span> <span class='ocrx_word' id='word_1_77' title='bbox 654 2164 892 2261; x_wconf 62' lang='lat' dir='ltr'>Fricdlueodcn</span> <span class='ocrx_word' id='word_1_78' title='bbox 937 2184 1050 2268; x_wconf 77' lang='lat' dir='ltr'>Garbe,</span> <span class='ocrx_word' id='word_1_79' title='bbox 1086 2186 1229 2252; x_wconf 77' lang='lat' dir='ltr'>Hirsch-</span> 
     </span>
    </p>
   </div>
   <div class='ocr_carea' id='block_1_5' title="bbox 161 2293 1230 3034">
    <p class='ocr_par' dir='ltr' id='par_1_5' title="bbox 161 2293 1230 3034">
     <span class='ocr_line' id='line_1_13' title="bbox 374 2293 1229 2381; baseline 0 -21"><span class='ocrx_word' id='word_1_80' title='bbox 374 2296 446 2378; x_wconf 76' lang='lat' dir='ltr'>feld,</span> <span class='ocrx_word' id='word_1_81' title='bbox 465 2296 600 2377; x_wconf 74' lang='lat' dir='ltr'>Jordan,</span> <span class='ocrx_word' id='word_1_82' title='bbox 616 2294 719 2358; x_wconf 71' lang='lat' dir='ltr'>Lelos</span> <span class='ocrx_word' id='word_1_83' title='bbox 731 2294 763 2375; x_wconf 61' lang='lat' dir='ltr'>i,</span> <span class='ocrx_word' id='word_1_84' title='bbox 782 2293 951 2375; x_wconf 71' lang='lat' dir='ltr'>Luduacla,</span> <span class='ocrx_word' id='word_1_85' title='bbox 967 2295 1182 2360; x_wconf 80' lang='lat' dir='ltr'>Nesselmaaa</span> <span class='ocrx_word' id='word_1_86' title='bbox 1193 2298 1229 2381; x_wconf 85' lang='lat'>†,</span> 
     </span>
     <span class='ocr_line' id='line_1_14' title="bbox 379 2401 1030 2487; baseline -0.003 -18"><span class='ocrx_word' id='word_1_87' title='bbox 379 2403 717 2486; x_wconf 55' lang='lat' dir='ltr'>conspeculationi,</span> <span class='ocrx_word' id='word_1_88' title='bbox 744 2401 876 2483; x_wconf 65' lang='lat' dir='ltr'>Solacia</span> <span class='ocrx_word' id='word_1_89' title='bbox 905 2402 1030 2487; x_wconf 82' lang='lat' dir='ltr'>Walter,</span> 
     </span>
     <span class='ocr_line' id='line_1_15' title="bbox 163 2513 1229 2599; baseline -0.002 -22"><span class='ocrx_word' id='word_1_90' title='bbox 163 2513 282 2599; x_wconf 89' lang='lat' dir='ltr'>quibus</span> <span class='ocrx_word' id='word_1_91' title='bbox 324 2513 474 2578; x_wconf 89' lang='lat' dir='ltr'>omnibus</span> <span class='ocrx_word' id='word_1_92' title='bbox 513 2516 632 2597; x_wconf 84' lang='lat' dir='ltr'>gratias</span> <span class='ocrx_word' id='word_1_93' title='bbox 673 2531 733 2595; x_wconf 80' lang='lat' dir='ltr'>ago</span> <span class='ocrx_word' id='word_1_94' title='bbox 768 2525 928 2595; x_wconf 84' lang='lat' dir='ltr'>agamque</span> <span class='ocrx_word' id='word_1_95' title='bbox 968 2531 1094 2596; x_wconf 87' lang='lat' dir='ltr'>semper</span> <span class='ocrx_word' id='word_1_96' title='bbox 1128 2532 1229 2594; x_wconf 87' lang='lat' dir='ltr'>quam</span> 
     </span>
     <span class='ocr_line' id='line_1_16' title="bbox 161 2625 328 2687; baseline -0.018 0"><span class='ocrx_word' id='word_1_97' title='bbox 161 2625 328 2687; x_wconf 82' lang='lat' dir='ltr'>maximas.</span> 
     </span>
     <span class='ocr_line' id='line_1_17' title="bbox 268 2730 1230 2817; baseline -0.002 -21"><span class='ocrx_word' id='word_1_98' title='bbox 268 2732 332 2796; x_wconf 90' lang='lat' dir='ltr'>Per</span> <span class='ocrx_word' id='word_1_99' title='bbox 366 2753 469 2796; x_wconf 89' lang='lat' dir='ltr'>unum</span> <span class='ocrx_word' id='word_1_100' title='bbox 509 2740 661 2798; x_wconf 87' lang='lat' dir='ltr'>semestre</span> <span class='ocrx_word' id='word_1_101' title='bbox 697 2732 932 2817; x_wconf 83' lang='lat' dir='ltr'>proseminarii,</span> <span class='ocrx_word' id='word_1_102' title='bbox 965 2751 1023 2815; x_wconf 87' lang='lat' dir='ltr'>per</span> <span class='ocrx_word' id='word_1_103' title='bbox 1056 2730 1230 2794; x_wconf 88' lang='lat' dir='ltr'>biennium</span> 
     </span>
     <span class='ocr_line' id='line_1_18' title="bbox 163 2841 1230 2927; baseline -0.003 -21"><span class='ocrx_word' id='word_1_104' title='bbox 163 2844 327 2906; x_wconf 85' lang='lat' dir='ltr'>seminarii</span> <span class='ocrx_word' id='word_1_105' title='bbox 350 2844 430 2926; x_wconf 83' lang='lat' dir='ltr'>regii</span> <span class='ocrx_word' id='word_1_106' title='bbox 452 2843 635 2927; x_wconf 80' lang='lat' dir='ltr'>philologici</span> <span class='ocrx_word' id='word_1_107' title='bbox 660 2845 777 2908; x_wconf 90' lang='lat' dir='ltr'>sodalis</span> <span class='ocrx_word' id='word_1_108' title='bbox 802 2844 832 2903; x_wconf 90' lang='lat' dir='ltr'>et</span> <span class='ocrx_word' id='word_1_109' title='bbox 854 2858 911 2923; x_wconf 90' lang='lat' dir='ltr'>per</span> <span class='ocrx_word' id='word_1_110' title='bbox 935 2861 993 2905; x_wconf 81' lang='lat' dir='ltr'>sex</span> <span class='ocrx_word' id='word_1_111' title='bbox 1022 2841 1152 2923; x_wconf 89' lang='lat' dir='ltr'>quidem</span> <span class='ocrx_word' id='word_1_112' title='bbox 1176 2841 1230 2904; x_wconf 92' lang='lat' dir='ltr'>ul-</span> 
     </span>
     <span class='ocr_line' id='line_1_19' title="bbox 163 2953 712 3034; baseline 0.004 -18"><span class='ocrx_word' id='word_1_113' title='bbox 163 2953 256 3016; x_wconf 90' lang='lat' dir='ltr'>timos</span> <span class='ocrx_word' id='word_1_114' title='bbox 280 2953 349 3034; x_wconf 87' lang='lat' dir='ltr'>ejus</span> <span class='ocrx_word' id='word_1_115' title='bbox 373 2964 501 3016; x_wconf 89' lang='lat' dir='ltr'>menses</span> <span class='ocrx_word' id='word_1_116' title='bbox 526 2955 634 3017; x_wconf 90' lang='lat' dir='ltr'>senior</span> <span class='ocrx_word' id='word_1_117' title='bbox 656 2954 712 3018; x_wconf 86' lang='lat' dir='ltr'>fui.</span> 
     </span>
    </p>
   </div>
   <div class='ocr_carea' id='block_1_6' title="bbox 0 0 1405 4614">
    <p class='ocr_par' dir='ltr' id='par_1_6' title="bbox 0 0 1405 4614">
     <span class='ocr_line' id='line_1_20' title="bbox 0 0 1405 4614; baseline 0 0"><span class='ocrx_word' id='word_1_118' title='bbox 0 0 1405 4614; x_wconf 95' lang='lat' dir='ltr'> </span> 
     </span>
    </p>
   </div>
  </div>
 </body>
</html>
