2782 4614
669 219 750 302 ea'

160 428 268 509 itaque
293 445 334 488 ex
358 427 468 490 eadem
494 427 682 509 supellectili
713 427 787 488 licet
822 425 949 490 videre'
995 425 1093 488 Hunc
1116 427 1225 490 locum

161 535 357 598 aMuellero
381 539 558 598 correctum
583 556 681 618 snpra
708 535 949 618 descripsimus3
987 536 1033 597 sic
1069 537 1156 598 enim
1181 537 1226 599 le-

160 647 301 729 gendum
326 665 395 709 esse
419 650 562 728 apparet:
585 637 642 690 ‘-
666 646 758 726 sequi
782 663 890 726 sa.epe;
926 644 1025 725 idque
1054 697 1060 709 .
1087 696 1093 708 .
1119 696 1125 708 .
1150 647 1226 710 lieet

160 754 289 818 videre’.

266 864 322 945 VI,
347 863 364 946 ξ
391 864 441 943 581
465 882 493 944 p.
515 863 578 923 235
602 865 637 926 in
661 863 826 926 codicibus
850 863 1004 946 legimus:

370 963 528 1034 ‘Nuntius
543 973 629 1034 enim
646 977 694 1035 est
709 974 812 1055 aquis
821 972 918 1036 rebus
932 974 1124 1054 nominatus,
1138 975 1225 1057 quod

321 1080 484 1144 aslraeco
520 1081 616 1144 verbo
649 1087 769 1164 postest
793 1081 999 1160 declinatum3
1041 1083 1079 1145 ab
1105 1103 1142 1147 eo
1165 1085 1227 1147 ita-

321 1210 384 1273 que
407 1189 558 1273 Neapolis
582 1191 711 1253 illorum
735 1190 911 1273 Novapolis
937 1191 976 1253 ab
1001 1193 1143 1274 antiquis
1168 1213 1227 1256 no·

323 1301 397 1364 stris
422 1298 578 1362 vocitata’.

267 1409 458 1492 Spengelius
481 1408 581 1471 verba
605 1427 688 1491 quae
712 1415 788 1471 sunt
809 1401 840 1471 ‘a
865 1411 936 1493 quis
960 1409 1075 1488 rebus’,
1100 1406 1141 1472 e‘x
1159 1410 1229 1472 edi-

160 1522 247 1582 tione
271 1520 415 1602 principe
439 1520 484 1582 sic
508 1522 695 1581 commutat.
724 1511 778 1580 ‘N
804 1521 890 1582 enim
923 1527 970 1583 est
1002 1519 1041 1582 ab
1065 1520 1105 1581 iis
1121 1519 1230 1582 rebus

161 1630 345 1691 nominatus
369 1678 375 1690 .
400 1679 405 1690 .
431 1627 450 1692 .'
486 1634 583 1710 atque
605 1627 755 1710 intelligit
790 1627 839 1690 ‘ab
868 1629 961 1691 noris
990 1628 1108 1708 rebus,
1143 1647 1230 1710 quae

161 1739 230 1820 ipsa
254 1736 352 1799 rerba
375 1737 546 1800 Turnebus
570 1739 603 1798 in
629 1743 783 1799 contextu
814 1738 963 1819 ponenda
987 1757 1057 1801 esse
1081 1738 1230 1800 coniecit.

163 1846 268 1922 Quem
293 1845 325 1910 Ο.
352 1845 388 1910 O.
414 1846 590 1909 Muellerus
613 1852 697 1908 recte
725 1855 858 1909 secutus
882 1852 947 1924 cst3
985 1849 1102 1911 etenim
1126 1845 1231 1929 Spen-

161 1958 237 2040 gelii
261 1957 341 2019 illud
365 1958 539 2040 perdurum
564 1975 600 2018 ac
624 1956 720 2018 nimis
744 1955 919 2019 obscurum
943 1963 1000 2038 est,
1025 1964 1059 2020 ut
1083 1957 1231 2019 omittam

162 2067 390 2129 correctionem
414 2086 479 2128 non
503 2066 658 2128 leniorem
683 2084 754 2128 esse
777 2086 875 2148 quam
894 2067 1043 2129 Turnebi.
1067 2104 1110 2112 -
1135 2063 1232 2140 Quae

163 2183 345 2260 sequuntur
368 2176 466 2239 verba
483 2173 673 2258 Spengelius
696 2194 761 2236 uon
782 2179 930 2256 mutavit3
955 2176 1132 2240 Muellerus
1149 2163 1230 2238 vero

163 2307 180 2350 e
216 2288 347 2369 vulgata
381 2287 516 2349 lectione
551 2284 664 2346 adiecit
700 2285 785 2367 quod
809 2287 1015 2351 vehementer
1048 2285 1232 2369 requiritur

161 2395 299 2459 verbum
334 2418 409 2475 νεος,
444 2392 531 2475 quod
566 2392 701 2455 verbum
734 2401 770 2456 ut
801 2396 951 2460 omnibns
987 2400 1101 2460 notum
1124 2393 1229 2477 Spen-

162 2501 296 2589 geliusl)
318 2509 410 2586 putat
431 2502 525 2564 iacile
537 2500 716 2565 Varronem
733 2505 930 2586 supprimere
953 2507 1096 2589 potuisse
1119 2523 1231 2586 neque

162 2613 342 2676 necessario
366 2612 551 2675 addendum
575 2630 654 2692 esse,
678 2631 752 2675 cum
776 2613 866 2676 nulla
892 2615 925 2675 in
951 2614 1115 2678 codicibus
1140 2618 1232 2677 extet
1269 2671 1272 2676 .

162 2725 289 2786 lacuna.
336 2722 399 2786 Sed
414 2723 531 2785 iterum
544 2720 692 2785 Muelleri
715 2724 850 2806 vestigia
867 2727 997 2787 secutus
1013 2725 1073 2786 hoc
1088 2721 1231 2785 verbum

164 2835 295 2915 utique·
311 2832 477 2895 contextui
509 2832 720 2894 inserendum
753 2851 823 2895 esse
845 2837 936 2916 puto;
971 2851 1031 2895 nec
1054 2838 1162 2895 tamen
1186 2849 1232 2894 ex

165 2943 295 3025 vulgata
330 2941 466 3003 lectione
499 2940 584 3002 sumi
607 2946 739 3023 oportet,
775 2942 830 3005 sed
865 2961 922 3024 pro
949 2943 990 3005 iis
1013 2944 1120 3026 potius
1145 2959 1230 3024 qnae

163 3053 281 3134 optime
296 3050 414 3112 tradita
437 3053 513 3110 sunt
533 3041 587 3110 tab
607 3049 665 3126 eo’,
688 3070 842 3133 graecum
857 3051 939 3114 illud
954 3051 1090 3115 verbum
1106 3051 1231 3132 reponi.

163 3162 278 3243 Itaque
302 3165 338 3222 ut
360 3160 467 3221 locum
491 3158 607 3220 iterum
632 3178 811 3241 exaremus,
843 3161 1015 3243 legendum
1044 3179 1113 3223 esse
1136 3165 1231 3242 puta·

164 3292 238 3334 mus
262 3271 321 3333 sic:
344 3260 501 3331 ‘Nuntius
525 3268 611 3330 enim
635 3276 683 3332 est
706 3268 745 3331 ab
779 3271 871 3333 noris
905 3270 1003 3332 rebus
1034 3269 1232 3349 nominatus,

165 3381 253 3465 quod
286 3378 340 3464 (sc.
364 3376 509 3456 verbum,
547 3377 566 3438 i.
591 3397 607 3440 e
628 3369 767 3456 ‘novus'l
799 3399 818 3441 a
848 3379 946 3442 verbo
971 3379 1091 3441 Graeco
1126 3382 1233 3460 potest

165 3491 360 3554 declinatum
397 3508 477 3563 νεος;
513 3487 623 3568 itaque
655 3486 806 3570 Neapolis
833 3489 963 3552 illorum
987 3487 1163 3570 Nouapolis
1188 3487 1230 3549 ab

165 3600 309 3682 antiquis
332 3597 452 3659 nostris
475 3594 633 3658 vocitata’.

272 3705 321 3770 De
356 3703 437 3773 [luia
477 3704 652 3786 particulae
698 3727 761 3770 usu
795 3707 998 3771 Varroniano
1042 3704 1232 3769 Leonardus

166 3817 357 3902 Spengelius
381 3813 520 3876 breviter
549 3813 595 3876 sic
619 3813 816 3900 disseruit2l:
850 3807 898 3877 tin
931 3815 1111 3898 originibus
1144 3815 1235 3878 indi·

167 3921 379 3933 ———-—‘-·

275 3971 301 4042 l)
319 3971 367 4026 cfr.
386 3970 468 4038 praef.
488 3971 529 4025 ed.
548 3971 661 4027 Varron.
680 3989 706 4040 p.
725 3972 822 4028 LVHI.

273 4065 302 4135 2)
320 4064 368 4119 ctr.
388 4061 499 4116 Emend.
518 4062 596 4120 Varr.
615 4079 685 4132 spec.
705 4081 730 4132 p.
743 4065 768 4119 5.
