2782 4614
706 273 725 336 8

181 463 270 548 quod
292 463 370 524 villa
392 463 462 526 sine
484 463 525 526 iis
548 482 662 545 parum
685 459 775 542 tuta’,
808 480 890 544 quae
924 460 1047 525 ‘utrum
1076 468 1162 527 recte
1185 463 1244 528 hoc

179 573 249 635 loco
272 571 423 654 legantur
446 591 488 634 an
511 571 594 635 male
617 591 635 634 e
654 572 757 654 capite
773 571 925 634 vicesimo
942 573 1045 654 primo
1062 572 1127 635 buc
1143 577 1246 636 trans-

179 681 244 745 lata
276 683 341 744 sint
374 680 564 744 confirmare
596 700 662 744 non
695 679 800 743 audet’
824 678 985 747 Keilius.¹)
1031 680 1094 745 Sed
1126 700 1183 764 pro
1208 700 1245 744 eo

181 792 269 875 quod
292 794 327 854 in
350 790 449 855 Keilii
473 790 637 854 codicibus
662 794 711 876 est
734 788 878 872 ‘utique’,
910 789 1090 854 Politianus
1114 790 1246 854 exhibet

182 899 291 982 ‘utile',
325 919 423 982 quare
447 899 653 964 Zablfeldtius
686 898 715 968 (l.
742 919 767 962 c.
791 920 820 982 p.
846 900 898 967 22)
931 901 966 962 in
998 900 1086 963 huuc
1112 901 1246 963 modum

179 1011 423 1093 interpretatur:
459 1008 558 1092 ‘quod
589 1009 629 1071 ad
653 1027 749 1072 canes
773 1011 895 1091 attinet,
928 1011 1007 1073 utile
1031 1013 1079 1073 cst
1102 1014 1167 1084 (eos
1190 1009 1245 1071 ha·
1357 1003 1360 1008 ’

180 1117 275 1200 bere),
299 1119 385 1200 quod
401 1119 478 1181 villa
495 1120 564 1182 sine
580 1120 620 1181 iis
636 1138 752 1201 parum
768 1118 857 1183 tuta’.
904 1119 1023 1182 Tamen
1047 1138 1113 1181 non
1137 1119 1245 1182 statim

181 1227 221 1291 ad
245 1227 328 1289 banc
352 1229 524 1310 opinionen
549 1227 674 1308 accede,
708 1247 906 1310 quamquam
938 1229 1068 1310 linguae
1093 1227 1245 1291 Varroni-

181 1355 261 1398 auae
295 1340 326 1399 et
359 1335 418 1399 ‘de’
452 1338 609 1421 particula
644 1339 690 1399 sic
720 1337 824 1419 posita
856 1338 974 1419 optime
1006 1333 1181 1404 convenit2)
1214 1341 1246 1400 et

181 1443 317 1507 verbnm
341 1443 479 1509 habendi
504 1447 674 1510 durissime
698 1447 750 1509 bic
773 1447 918 1509 omittere
941 1445 1074 1510 fortasse
1097 1443 1205 1513 licet3)

290 1553 394 1622 Ellam
418 1556 610 1638 particulam
634 1557 726 1618 aliter
751 1575 784 1618 se
807 1555 924 1620 babere
946 1557 981 1618 in
1004 1555 1095 1619 libris
1119 1557 1158 1620 de
1181 1556 1200 1618 l.
1217 1555 1246 1637 l.,

181 1663 272 1726 aliter
293 1664 328 1724 in
351 1664 442 1727 libris
466 1666 504 1728 de
527 1686 551 1727 r.
568 1686 593 1730 r.
611 1684 669 1748 age
692 1684 867 1746 cognoscas
890 1665 1104 1729 formularum
1119 1667 1246 1749 potissi·

181 1792 272 1835 mum
296 1773 483 1839 condicione
517 1794 598 1858 quae
631 1778 707 1838 sunt
731 1773 798 1836 ‘aut
821 1774 938 1856 etiam’,
970 1774 1032 1838 <vel
1055 1774 1171 1856 etiam',
1205 1774 1247 1837 ‘et

182 1881 297 1944 etiam'.
343 1881 412 1946 Has
436 1885 520 1946 enirn
545 1883 619 1946 libri
642 1888 769 1947 tantum
794 1884 833 1946 de
856 1905 880 1949 r.
899 1905 924 1947 r.
950 1885 1058 1966 scripti
1080 1884 1245 1967 praebent,

180 2010 343 2074 nusquam
365 1993 513 2056 invenies
539 1993 687 2057 inlibris
712 1994 795 2058 del.
820 1995 839 2056 l.
864 1995 974 2075 Atque
996 1994 1059 2075 illa,
1084 2012 1167 2076 quae
1199 1997 1246 2056 est

182 2101 250 2165 <aut
273 2102 388 2184 etiam’,
412 2103 499 2167 locos
523 2104 690 2186 occupavit
713 2105 785 2168 bos:
811 2103 836 2185 Ι,
861 2105 890 2184 2,
903 2105 944 2166 23
969 2101 1109 2187 (propter
1132 2121 1246 2186 agrum

183 2215 238 2274 aut
273 2214 367 2275 etiam
401 2214 436 2275 in
468 2207 569 2296 agro);
613 2214 692 2294 7,7;
730 2213 824 2295 16,3;
862 2212 919 2291 433
957 2211 1060 2291 51,2;
1099 2210 1142 2293 II,
1171 2211 1199 2293 6,
1218 2211 1245 2272 5.

182 2320 242 2402 ΙΙΙ,
268 2322 318 2403 16,
332 2324 382 2386 30.
954 2324 957 2329 '

292 2430 381 2505 Quae
405 2436 453 2494 est
484 2429 546 2493 ‘vel
569 2430 685 2511 etiam’,
717 2449 787 2493 eam
820 2430 882 2493 sibi
914 2430 1079 2492 vindicant
1110 2430 1175 2492 loci
1198 2430 1244 2491 hi:

183 2538 209 2621 Ι,
234 2540 331 2621 59,3;
356 2539 398 2621 ΙΙ,
424 2542 452 2622 9,
466 2543 494 2604 9.
568 2564 579 2585 -·

291 2646 441 2732 Denique
473 2653 510 2712 ut
543 2649 581 2712 de
612 2649 706 2712 tertia¹
739 2647 877 2711 formula
905 2648 947 2711 ‘et
970 2647 1076 2711 etiam’
1102 2648 1246 2728 adiciam,

291 2806 317 2876 1)
337 2802 554 2861 ‘Observationes
573 2807 681 2861 criticae
699 2806 729 2859 in
742 2806 848 2860 Catonis
867 2808 894 2860 ct
905 2806 1034 2860 Varronis
1053 2806 1086 2858 do
1104 2822 1133 2858 re
1145 2805 1248 2858 rustica

184 2890 273 2952 nasos
295 2899 402 2966 scripsit
419 2886 454 2952 nss
474 2899 588 2954 neruus.
625 2899 711 2966 naris,
731 2898 809 2954 rano.

291 2991 317 3058 2)
338 2990 421 3057 Saepe
449 2985 529 3042 ‘nova
556 2990 580 3043 si
603 2991 699 3057 incipit
717 3006 779 3057 pars
799 2989 996 3056 quaestionum,
1016 2988 1101 3040 Varro
1120 2986 1246 3039 universe

168 3082 373 3150 'argumentum
390 3081 494 3134 indicat
512 3080 676 3134 substantivo
705 3096 770 3133 usus
789 3097 805 3133 a
822 3078 1018 3147 praepositione
1036 3067 1084 3129 ‘de'
1105 3075 1246 3144 pendente,

186 3173 308 3241 proximo
328 3173 465 3226 enuntiato
483 3188 536 3224 non
550 3171 691 3225 coniuncto
711 3175 759 3224 aut
776 3169 942 3236 subiuncto'3
962 3169 1039 3222 cuius
1058 3168 1181 3221 dictionis
1199 3184 1246 3221 ex·

182 3263 273 3332 'empla
301 3263 429 3318 nonnulla
456 3261 548 3316 attulit
572 3262 710 3316 Zahlleldt
736 3261 753 3316 1.
780 3279 802 3316 c.
825 3278 850 3328 p.
877 3260 912 3312 24
936 3276 977 3328 sq.
1023 3260 1062 3314 Ea
1089 3277 1157 3329 quae
1185 3262 1248 3313 sunt

185 3356 206 3421 I,
226 3357 307 3423 59,1;
326 3356 361 3425 H,
381 3358 407 3423 4,
418 3355 452 3407 22
470 3371 523 3407 non
542 3358 613 3407 recte
632 3354 759 3407 lemmata
777 3369 836 3406 esso
856 3352 1103 3421 [rutatNoltleship.
1125 3351 1248 3422 (Journal

185 3447 216 3502 of
230 3447 368 3517 philologp‘
385 3447 446 3502 Vll.
468 3447 559 3517 (1877)
577 3463 603 3514 p.
626 3446 675 3499 173
694 3446 745 3514 sq.)

210 3609 213 3613 ⁴
292 3539 319 3609 3)
339 3540 499 3608 Fragmenta
524 3538 593 3590 hanc
617 3536 777 3607 particulam
800 3536 929 3604 praebent
952 3552 984 3590 ea
1013 3552 1081 3604 quaa
1104 3537 1249 3604 supersunt

186 3631 316 3685 librorum
339 3632 371 3684 do
399 3631 457 3684 vita
474 3647 534 3698 pop.
553 3629 629 3683 Rom.
653 3628 669 3680 l.
695 3645 716 3682 c.
740 3645 765 3696 p.
785 3629 827 3696 27,
841 3629 889 3683 4οε
921 3623 1041 3683 ‘Minoris
1069 3632 1135 3681 natu
1162 3627 1248 3695 capito

185 3725 378 3791 oportuerant,
398 3722 493 3790 capillo
512 3721 692 3790 pexoutiquc
715 3721 824 3775 innexis
850 3710 988 3787 crinibus’,
1017 3736 1098 3787 quam
1126 3718 1248 3772 codicum

186 3815 329 3869 lectionem
353 3815 456 3882 Popma
482 3814 512 3867 in
536 3805 681 3881 ‘vittisque’
708 3813 824 3867 mutavit
852 3811 1028 3880 probavitque
1053 3810 1189 3864 Kettnem.
1214 3839 1248 3847 -

186 3907 311 3974 Denique
338 3923 392 3960 non
419 3907 540 3960 omittam
563 3906 766 3960 Lachmannum
794 3905 828 3959 ad
853 3904 932 3957 Lucr.
951 3902 998 3969 IV,
1018 3902 1070 3957 638
1098 3903 1247 3968 observare,

187 3999 390 4066 antiquissimos
421 3990 529 4067 ‘utique'
560 4014 614 4050 non
642 3997 751 4064 dixisse,
776 3989 914 4064 poetarum
946 4011 1009 4048 vero
1040 3994 1111 4062 apud
1142 3992 1249 4046 nullum

188 4090 258 4143 hanc
270 4089 430 4159 particulam
448 4092 500 4146 sibi
519 4106 577 4144 osso
595 4089 701 4142 lectam.
