2782 4614
662 288 721 351 109

162 476 287 557 scriptis
312 476 337 538 si
362 478 457 539 etiam
480 475 659 558 repudiant,
684 479 799 536 natura
831 474 932 555 (quod
954 474 1008 553 ita,
1036 478 1073 536 ut
1097 474 1221 553 dicitur,

162 605 228 646 non
259 586 299 646 sit
332 605 383 648 ars
416 585 471 648 sed
505 584 619 647 artifex
651 584 941 666 reprehendendus,
977 585 1032 664 qui
1066 583 1159 645 debet
1187 584 1222 644 in

160 694 327 756 scribendo
352 714 417 756 non
440 693 709 775 vidisse-rerum)
732 713 797 754 non
821 693 892 755 idco
917 713 982 754 non
1004 712 1098 775 posse
1122 693 1219 756 scribi

161 802 293 866 rmuml

268 911 361 988 Quod
378 931 435 994 ego
452 914 577 994 percipe
594 931 768 994 renequeo:
793 932 900 994 neque
922 913 1007 975 enim
1029 903 1126 975 ‘ideo'
1151 933 1222 995 par-

160 1023 259 1085 ticula
284 1022 360 1103 quid
385 1021 445 1084 sibi
468 1021 545 1084 relit
567 1022 718 1103 intellego
742 1041 848 1104 neque
882 1041 942 1085 cur
975 1021 1072 1083 verba
1099 1022 1175 1084 inde
1204 1042 1224 1083 a

98 1128 102 1132 ’
157 1125 260 1213 ‘quod
282 1131 336 1193 ita'
370 1151 474 1214 usquc
505 1132 544 1193 ad
576 1122 709 1195 ‘vidisse
742 1131 865 1194 verum'
900 1131 1119 1213 parenthetica
1153 1150 1225 1194 esse

161 1243 211 1303 vir
234 1242 346 1304 doctus
370 1241 602 1323 significaverit.
648 1239 773 1304 Deinde
796 1260 991 1324 persuasum
1015 1241 1115 1304 habeo
1140 1240 1222 1302 Var-

161 1371 271 1414 ronem
294 1352 328 1412 in
352 1349 459 1412 verbis
483 1369 566 1432 quae
590 1358 665 1413 sunt
694 1343 774 1413 ‘non
806 1352 877 1414 ideo
902 1371 967 1414 non
990 1350 1094 1434 posse'
1127 1371 1224 1433 nega-

160 1462 280 1524 tionem
311 1481 378 1523 non
413 1461 482 1522 siue
513 1480 612 1523 causa
642 1461 691 1523 bis
724 1461 908 1524 admisisse:
942 1463 1102 1524 contraria
1136 1463 1222 1523 enirn

161 1570 239 1632 baec
271 1589 340 1633 esse
367 1571 412 1633 iis
449 1589 530 1652 1111110
552 1571 747 1653 praecedunt
776 1562 848 1652 ‘qui
872 1569 968 1633 debet
996 1569 1223 1633 inscribendo

163 1700 226 1742 non
258 1680 376 1742 vidisse
409 1679 533 1742 verum’
569 1688 715 1763 apertum
747 1685 803 1743 cst
859 1679 972 1760 Itaque
1005 1679 1096 1741 nullo
1128 1679 1224 1741 modo

160 1789 239 1851 haec
263 1787 327 1850 duo
352 1791 517 1851 enuntiata
540 1789 741 1871 seiungenda
761 1795 845 1868 sunt,
870 1788 1078 1852 scribendum
1101 1790 1224 1870 potius:

167 1899 221 1979 qui
256 1896 376 1979 debetll
408 1899 442 1959 in
474 1898 642 1961 scribendo
674 1917 739 1961 non
772 1899 892 1962 vidisse
917 1917 1041 1979 verum,
1074 1915 1137 1966 non
1164 1916 1223 1973 isc.

167 2007 271 2086 debet)
294 2008 366 2070 ideo
385 2027 451 2070 non
474 2028 568 2090 posse
592 2008 687 2071 scribi
712 2008 845 2072 verum'.

266 2115 317 2178 Sic
355 2116 529 2181 Muellerus
568 2123 599 2180 et
639 2116 820 2180 Madvicus:
871 2117 1105 2180 Wilmannsius
1133 2135 1227 2191 rere,

165 2225 252 2305 quod
275 2245 352 2307 pace
377 2228 437 2289 viri
457 2229 576 2310 egregii
603 2228 749 2308 dixerim,
772 2228 851 2289 mihi
871 2247 936 2290 non
952 2234 1037 2290 recte
1054 2227 1228 2288 coniecisse

165 2335 291 2397 videtur
314 2336 375 2399 sic:
399 2328 506 2410 ‘Quod
528 2337 573 2398 ita
597 2341 632 2398 ut
656 2337 772 2399 dicitur
794 2356 859 2398 uon
883 2338 924 2400 sit
947 2357 1008 2418 ars,
1032 2336 1088 2399 sed
1111 2334 1226 2397 artifex
1255 2372 1257 2378 ·

165 2445 457 2527 reprehendendus.
481 2465 546 2510 non
569 2446 662 2507 video
685 2446 757 2508 idco
777 2465 843 2509 non
866 2466 958 2529 posse
975 2444 1071 2509 scribi
1088 2443 1225 2522 verun1'3

162 2575 225 2635 qua
248 2556 281 2616 111
305 2555 440 2618 lectione
463 2574 521 2637 ego
544 2557 748 2638 potissimum
771 2556 851 2617 illud
884 2548 1003 2619 ‘video’
1038 2554 1228 2638 languidius
1308 2615 1310 2619 ,

162 2684 230 2728 csse
254 2667 411 2729 existimo,
457 2663 581 2727 Deinde
604 2684 671 2727 non
695 2665 825 2727 offendit
841 2665 1078 2729 Wilmannsius
1102 2666 1137 2725 in
1157 2682 1228 2724 ver-

162 2775 211 2837 bis
236 2795 317 2857 quac
341 2782 418 2838 sunt
438 2766 539 2856 tquod
562 2775 616 2837 ita'
645 2813 682 2819 —
709 2767 774 2838 ‘cui
798 2776 976 2851 iuncturae,
1002 2774 1101 2836 nimis
1127 2772 1227 2834 durae

163 2894 193 2947 01
220 2885 321 2947 hianti
352 2885 467 2947 vitium
499 2884 615 2947 inesse'
650 2886 712 2947 iam
743 2883 774 2945 C.
806 2882 840 2946 Ο.
866 2884 1043 2947 Muellerus
1073 2881 1156 2944 bene
1181 2882 1229 2941 ri-

164 2994 268 3071 derat;
295 3013 354 3056 nec
377 2998 486 3056 tamen
509 2995 667 3076 expellere
690 3013 761 3056 eam
784 2999 939 3057 contextu
963 3013 1064 3056 ausus
1097 2997 1145 3055 est
1168 3010 1227 3053 nec

165 3104 301 3167 sanandi
317 3104 417 3167 ullam
433 3103 589 3166 rationem
607 3102 721 3165 attulit.
734 3140 777 3147 —
790 3102 898 3186 Longe
914 3103 1005 3166 aliter
1027 3103 1066 3166 de
1082 3103 1141 3164 hoc
1159 3102 1230 3164 loco

164 3213 286 3277 iudicat
303 3210 514 3293 Madvicusfl)
540 3215 586 3276 sic
602 3215 688 3277 enim
711 3213 801 3296 legit:
824 3205 924 3292 ‘item
948 3215 982 3275 in
1009 3211 1128 3295 quibus
1153 3230 1229 3273 con-

167 3324 300 3384 veniunt
323 3324 446 3405 scriptis
470 3324 500 3403 (i.
518 3342 543 3385 e.
560 3325 750 3405 scriptores),
776 3324 803 3384 si
819 3323 915 3385 etiam
930 3323 1086 3405 repudiat
1103 3326 1230 3400 natura,

169 3431 335 3513 quodibi,
362 3438 399 3494 ut
427 3432 544 3494 dicitur
578 3430 658 3515 (1.0.
683 3429 891 3514 inscriptis),
926 3451 992 3494 non
1028 3431 1229 3511 1111111111

167 3546 307 3622 natura),
338 3558 400 3609 non
433 3542 487 3610 ost
518 3560 577 3621 ara,
611 3539 666 3602 sed
701 3539 815 3601 artifex
845 3540 1139 3622 reprehendendus
1172 3540 1229 3620 qui

275 3751 301 3820 1)
320 3750 441 3804 Debendi
460 3750 571 3802 verbum
597 3764 613 3801 11
630 3738 755 3801 Varrone
774 3764 853 3817 saepe
878 3749 916 3802 ita
940 3748 1073 3817 usurpari,
1096 3750 1127 3799 ut
1145 3747 1232 3815 signi·

168 3843 229 3895 ficet
247 3843 318 3895 idem
338 3842 408 3909 quod
426 3840 564 3910 'sequitur
584 3840 719 3909 colligitur
737 3840 807 3892 inde'
828 3841 855 3894 C.
876 3840 906 3893 o.
924 3841 1074 3894 Muellerus
1092 3841 1160 3893 bene
1173 3856 1229 3892 mo-

169 3935 228 3987 nuit
274 3933 348 3998 Quod
368 3949 431 3986 vero
451 3933 517 3985 dure
535 3933 601 3986 hacc
620 3931 758 3985 enuntiata
783 3931 853 3986 inter
878 3948 906 3985 sc
930 3949 1033 3986 conexa
1056 3915 1127 3998 sunt,
1151 3947 1231 3983 nemo

170 4028 233 4079 1111111
254 4024 371 4092 aliquam
390 4025 573 4078 Varronianae
592 4024 718 4078 dictionis
737 4023 858 4076 notitiam
872 4022 975 4091 habeat,
996 4024 1091 4090 pedem
1106 4022 1230 4076 offendet.

277 4117 304 4185 2)
323 4115 393 4171 Adr.
412 4116 470 4170 crit.
488 4133 514 4183 p.
534 4118 593 4174 177.
