2782 4614
663 265 706 329 64

159 461 220 524 hoc
243 461 312 525 loeo
335 466 502 541 tenemns3
536 464 656 526 mirum
689 469 796 527 autem
831 481 908 526 sane
932 463 1114 543 admodum,
1139 465 1226 547 quod

161 571 239 634 haec
262 591 328 633 vox
352 571 496 654 alioquin
513 573 680 636 tritissima
699 572 784 655 apud
804 578 949 635 nostrum
970 571 1035 636 fere
1055 593 1225 656 nunqnam

158 681 193 741 in
217 699 280 743 usu
303 679 485 761 versatum)

267 787 316 852 De
340 790 402 853 alia
425 791 583 873 particula
615 793 801 855 concessiva
835 809 917 873 quac
936 797 998 854 cst
1021 790 1091 859 [tsi
1117 791 1226 854 statim

160 917 248 960 nunc
284 899 444 981 agendum
480 904 540 963 est:
577 919 614 964 ea
646 901 733 964 enim
761 902 797 962 in
820 899 910 963 libris
934 899 973 963 dc
995 921 1020 963 r.
1044 921 1068 962 r.
1092 902 1225 964 omnino

159 1028 224 1071 non
258 1006 461 1093 invenitnr‚2)
493 1011 528 1072 in
560 1008 651 1072 libris
675 1010 714 1072 de
737 1010 756 1072 l.
783 1010 802 1072 l.
820 1015 873 1083 *ter
896 1009 988 1073 nobis
1012 1011 1143 1091 occurit,
1168 1012 1226 1092 qui

159 1117 220 1178 loci
254 1123 331 1180 sunt
364 1119 411 1181 hi:
447 1119 488 1199 V,
511 1120 530 1200 ξ
551 1119 601 1200 57,
624 1139 653 1201 p.
672 1119 713 1181 63
750 1118 928 1202 ‘Principes
956 1119 1009 1183 dei
1032 1118 1163 1183 Caelum
1195 1124 1228 1182 et

269 1422 493 1493 bnauandans
518 1440 565 1492 pro
589 1425 768 1492 ‘quamquam'
798 1424 906 1492 scripsit
935 1425 1092 1493 quaedam,
1120 1428 1226 1479 veteres

161 1517 291 1584 quasdam
310 1516 441 1570 editiones
460 1518 576 1570 secutus.
597 1547 630 1554 -
656 1515 780 1569 Ceterum
805 1506 1017 1584 praetermittere
1043 1533 1098 1570 non
1116 1534 1226 1585 possum

161 1609 227 1679 quin
253 1599 365 1662 Gesneri
391 1607 581 1675 coniecturam,
607 1608 630 1661 si
655 1608 696 1661 dis
721 1608 816 1676 placet,
841 1623 928 1676 usque
953 1608 987 1661 ad
1013 1608 1225 1663 internecionem

159 1700 303 1768 perimam:
323 1717 385 1754 nam
404 1716 485 1769 quam
505 1700 549 1752 vir
567 1700 662 1754 doctus
686 1699 716 1751 in
741 1701 869 1753 contextu
894 1700 957 1767 poni
980 1700 1041 1753 unilt
1064 1701 1226 1768 particulam

103 1804 106 1810 ’
161 1792 394 1860 quemamodum,
420 1792 671 1845 einonidinesse
691 1791 847 1859 quodvult,
873 1791 1039 1846 Varroniano
1063 1791 1145 1845 liuius
1163 1809 1225 1861 par-

159 1883 258 1936 tioulao
277 1899 329 1936 usu
348 1883 553 1937 demonstratur.
590 1885 696 1937 Etenim
715 1900 783 1954 quae
796 1885 929 1952 exempla·
938 1900 997 1937 eam
1010 1899 1073 1951 prae
1085 1899 1114 1936 se
1127 1884 1226 1951 ferunt,

160 1974 193 2026 ad
213 1991 297 2026 unum
322 1975 411 2029 omnia
437 1976 573 2044 propriam
603 1975 661 2029 cius
687 1975 911 2044 significationem
936 1976 1054 2028 retinent
1078 1976 1119 2029 ‘ad
1144 1993 1225 2046 quem

161 2066 279 2118 modurn*
298 2066 344 2119 vel
364 2070 424 2138 ‘quo
443 2068 543 2135 modo’3
562 2085 709 2138 numquam
726 2068 765 2122 ita
783 2085 840 2122 eam
861 2067 975 2136 positam
992 2066 1100 2134 habent,
1119 2071 1225 2121 utrem

161 2158 293 2226 quandam
319 2159 442 2227 exemplo
466 2159 588 2214 illustret
612 2160 693 2229 (quod
718 2161 759 2213 est
776 2160 898 2213 nostrum
918 2159 977 2212 ‘wie
997 2175 1059 2212 zum
1077 2159 1228 2228 Beispiel').

160 2248 217 2302 Iam
243 2249 302 2317 ipse
325 2251 446 2320 inquiras
471 2251 607 2320 exempla:
639 2251 661 2318 Ι.
681 2253 705 2305 1.
724 2254 755 2313 4;
775 2254 800 2321 2,
820 2253 861 2306 22.
881 2253 922 2306 25.
959 2253 984 2308 2.
1004 2253 1045 2306 27.
1065 2253 1112 2318 28;
1133 2253 1175 2319 16,
1194 2253 1228 2319 ὃς

161 2341 202 2399 18.
222 2343 246 2396 5.
266 2344 296 2408 53
321 2345 364 2402 40.
384 2344 408 2398 5.
445 2344 592 2411 Π,1.1ὃ;
617 2339 644 2410 3.
663 2347 686 2396 1.
713 2343 761 2396 ΙΠ.
782 2344 807 2406 9,
829 2343 852 2396 2.
872 2345 896 2398 2.
916 2343 939 2395 2.
960 2342 983 2394 2.
1014 2343 1061 2396 cfr.
1081 2342 1133 2397 Sat.
1152 2343 1226 2397 Men.

162 2434 220 2498 194.
240 2435 299 2489 366.
342 2436 382 2488 De
406 2436 464 2489 vila
486 2453 545 2504 pop.
570 2453 637 2495 rom.
662 2452 688 2504 p.
712 2437 755 2504 34,
781 2439 804 2490 7.
840 2434 970 2504 Logistor.
995 2435 1043 2504 irg.
1068 2453 1093 2504 p.
1114 2435 1173 2501 248,
1193 2437 1226 2490 9:

161 2541 228 2594 quae
265 2526 355 2578 omnia
390 2528 424 2580 ad
455 2527 690 2597 interrogationem
725 2526 861 2596 obliquam
895 2527 1043 2594 pertinent3
1087 2526 1116 2578 in
1151 2528 1230 2579 recta

160 2616 210 2670 hoc
241 2633 326 2669 unum
348 2617 439 2671 inveni
462 2619 483 2675 Ι.
511 2621 554 2689 37,
579 2620 603 2673 2.
652 2619 776 2689 Denique
807 2619 984 2687 comparando
1013 2617 1127 2669 inservit
1157 2617 1226 2669 duo-

160 2709 210 2761 bus
237 2701 280 2761 hie
308 2708 376 2763 locis
411 2711 545 2780 1,42,1;
572 2712 621 2778 ΙΠ,
648 2714 672 2767 7.
698 2714 731 2768 11
760 2711 798 2765 ita
825 2713 922 2767 tamen,
947 2712 978 2762 ut
1007 2708 1133 2761 neutrubi
1168 2708 1228 2761 ‘sic’

159 2801 290 2868 particula
316 2800 404 2856 aliare
433 2803 492 2858 eius
516 2804 588 2858 modi
611 2804 777 2872 respondeat.
832 2802 930 2856 Contra
962 2800 1025 2855 libri
1057 2800 1089 2853 de
1112 2799 1130 2852 1.
1154 2798 1171 2852 l.
1202 2816 1228 2854 c.

160 2894 367 2961 comparationis
379 2894 508 2963 praebent
526 2895 649 2964 exempla
666 2895 746 2949 haec:
765 2893 815 2961 IX,
834 2900 849 2959 ᾖ
869 2895 903 2949 24
922 2892 956 2961 (q.
969 2892 1106 2946 —eodem
1126 2891 1228 2959 modo).

160 2983 175 3052 ξ
205 2986 240 3039 52
265 2987 301 3053 (q.
321 3016 354 3024 —
374 2986 436 3053 sic);
467 2987 513 3038 olr.
542 2989 556 3054 ᾗ
585 2987 644 3041 112.
690 2987 721 3053 Χ.
747 2987 763 3054 ξ
803 2987 845 3039 46.
875 2986 917 3040 49.
959 2987 986 3038 et
1022 2982 1120 3037 omissa
1157 2999 1229 3052 quae

160 3076 319 3142 respondeat
329 3077 460 3144 particula
472 3077 507 3145 X,
520 3078 535 3146 ᾗ
549 3080 590 3132 53.
602 3079 644 3132 53.
654 3078 695 3132 59.
726 3079 815 3146 Atque
828 3076 901 3130 huno
913 3075 1022 3145 quidem
1033 3075 1130 3146 locum,
1145 3091 1228 3143 quem

161 3167 266 3221 codices
285 3168 324 3221 sic
344 3168 485 3222 exhibent:
507 3168 584 3222 ‘Nam
603 3184 804 3237 nonnumquam
821 3167 936 3221 alterum
955 3183 989 3220 ex
1009 3166 1091 3221 altero
1110 3166 1226 3233 videtur,

160 3261 191 3311 ut
211 3258 379 3328 Chrysippus
399 3261 500 3327 scribit,
521 3260 727 3330 quemamodum
745 3262 822 3327 pater
839 3275 873 3312 ex
892 3257 947 3311 filio
966 3259 993 3310 et
1010 3258 1082 3311 filius
1094 3275 1129 3311 ex
1141 3259 1228 3326 patre’

160 3366 245 3404 unum
262 3351 345 3406 habes
363 3353 392 3407 in
410 3353 454 3408 his
478 3353 564 3419 libris,
589 3352 636 3407 ubi
661 3350 815 3419 exemplum
840 3347 1080 3419 ‘quemadmodum’
1106 3348 1228 3414 inducit3

162 3443 207 3512 qui
225 3447 317 3498 tamen
334 3444 410 3500 locns
428 3463 482 3501 non
500 3444 602 3500 sufficit
619 3445 653 3498 ad
670 3443 745 3496 illam
765 3441 876 3496 Gesneri
899 3437 1061 3494 sententiam
1087 3434 1228 3515 stabilien-

162 3535 230 3599 dam„
257 3536 317 3590 idco
343 3537 405 3607 quia
428 3536 481 3590 alia
505 3540 546 3590 est
569 3537 712 3590 verborum
736 3536 871 3588 structura
893 3532 938 3585 hic
963 3546 1045 3600 quam
1066 3527 1130 3581 illie.
1173 3525 1228 3581 Illo

163 3627 236 3679 enirn
254 3627 312 3682 loco
332 3644 410 3697 quem
431 3628 565 3682 Gesnerus
584 3627 657 3695 dicit,
676 3626 785 3695 propria
801 3624 884 3678 huius
896 3619 1044 3691 particulae
1055 3617 1228 3688 significatio,

163 3718 354 3787 comparativa,
375 3735 483 3788 prorsus
502 3719 621 3788 enrannit,
639 3720 690 3773 hoc
710 3718 768 3771 loco
787 3732 866 3786 quem
885 3732 899 3768 e
917 3713 995 3767 libris
1013 3711 1046 3764 de
1064 3709 1081 3762 l.
1100 3709 1118 3764 l.
1138 3708 1225 3777 attuli,

165 3812 267 3865 intacta
284 3811 391 3867 mansit.

268 3903 295 3972 2)
314 3903 354 3957 De
372 3903 406 3956 iis
421 3903 600 3975 ‘scriptoribus
625 3903 671 3972 qui
693 3903 744 3956 hac
768 3898 901 3971 particula
924 3897 1003 3967 plane
1025 3893 1169 3960 abstinent7
1195 3894 1229 3947 nt

161 3995 314 4064 Sallustius,
339 3994 528 4063 Quintilianus
554 3994 609 4064 alii,
633 3994 696 4048 vide
720 3992 769 4046 Ed.
789 3989 986 4045 Woelfflinium
1009 3986 1037 4040 in
1061 4001 1130 4040 mus,
1148 3983 1229 4047 rhen.

163 4086 213 4142 rol.
233 4086 372 4141 XXXVII
391 4087 424 4158 (a.
444 4088 534 4153 1882),
556 4091 579 4155 1,
600 4105 624 4157 p.
641 4085 698 4143 100.
