2782 4614
670 279 710 341 81

162 470 295 534 servatis
329 470 442 532 ceteris
473 469 601 551 scripsit
621 460 674 530 ‘ab
697 469 813 551 hisque
837 468 1006 551 quaestor,
1038 470 1123 551 quod
1145 489 1226 533 num

160 584 246 642 recte
278 579 450 641 coniecerit
480 579 514 640 in
546 577 644 640 dubio
670 584 726 640 est.
772 577 906 640 Veteres
936 578 1064 659 quidem
1089 579 1226 642 editores

160 691 283 771 aliquot
305 685 462 769 syllabam
484 680 569 750 ‘con'
594 687 790 750 deleverunt.

268 792 420 859 Eiusdem
439 795 587 860 Muelleri
605 798 808 859 coniecturae
828 796 906 858 haee
921 796 1078 878 particula
1091 795 1226 860 debetur

159 902 216 985 VI,
240 905 328 987 §tu
351 925 380 988 p.
403 907 480 983 2253
507 925 603 988 quem
628 906 734 969 locum
755 905 946 987 Spengelius
970 923 986 967 e
1010 905 1118 968 codiee
1141 903 1223 969 Flor.

161 1014 206 1076 sic
230 1013 330 1077 dedit:
357 1014 553 1078 ‘Meminisse
578 1036 596 1078 a
619 1016 773 1076 memoria
805 1034 902 1097 quom
932 1014 964 1076 id
989 1014 1075 1096 quod
1097 1032 1223 1076 reman-

161 1123 201 1185 sit
228 1123 262 1184 in
291 1130 397 1187 mente
424 1126 459 1187 in
488 1125 520 1187 id
546 1126 630 1207 quod
654 1144 769 1188 rursus
793 1128 953 1202 movetur3
990 1141 1074 1205 quae
1108 1143 1126 1184 a
1157 1143 1224 1186 ma-

160 1233 267 1295 nando
290 1241 327 1296 ut
351 1233 561 1297 Maniomoria
584 1239 688 1317 potest
712 1253 781 1296 esse
805 1233 911 1313 dicta'3
936 1239 1044 1296 tomen
1060 1232 1160 1294 verba
1179 1232 1224 1294 ‘in

160 1341 193 1403 id
217 1342 313 1424 quod’
336 1362 377 1406 ex
401 1342 667 1427 praecedentibus
691 1348 767 1405 nata
800 1344 979 1426 suspicatus
1004 1343 1097 1404 uncis
1120 1343 1224 1404 inclu-

160 1453 236 1531 sit.¹)
294 1452 398 1515 Aliter
436 1453 523 1516 hunc
562 1453 671 1515 locum
710 1451 887 1515 Muellerus
926 1452 1025 1514 edidit
1063 1451 1222 1514 scribens:

161 1559 209 1606 ³—-
239 1581 336 1642 quom
361 1562 438 1644 quid
463 1563 616 1624 remansit
647 1563 682 1623 in
719 1566 825 1624 mente
860 1561 997 1643 indeque
1020 1581 1133 1623 rursus
1157 1581 1224 1624 rno-

161 1676 270 1749 vetum
296 1691 378 1753 quae
402 1672 602 1735 amonendo
627 1677 664 1734 ut
688 1672 880 1733 manimoria
907 1676 1010 1753 potest
1034 1689 1104 1733 esse
1121 1670 1223 1733 dicta?

265 1780 356 1844 Belle
382 1781 512 1863 quidem
538 1781 720 1844 coniectum
744 1787 775 1842 et
799 1782 826 1843 si
851 1799 982 1843 sensum
1006 1785 1037 1842 et
1053 1782 1081 1843 si
1097 1780 1224 1843 dicendi

159 1910 263 1973 genus
287 1899 481 1974 spectamus3
519 1910 576 1974 ego
613 1890 694 1954 nihil
728 1890 830 1953 habeo
865 1889 952 1972 quod
976 1892 1087 1951 contra
1111 1888 1224 1968 dicam,

160 2018 220 2062 nco
244 2006 351 2062 tamen
376 2001 482 2063 statim
500 2000 539 2062 ad
555 2000 639 2062 hano
658 2000 841 2082 opinionem
859 1999 982 2061 accedo.
1028 1997 1099 2061 Hoc
1121 2018 1225 2060 unum

160 2107 336 2172 Muellerus
361 2110 474 2191 utique
490 2114 575 2172 recte
594 2109 709 2172 fecisse
726 2109 805 2171 mihi
821 2107 960 2186 videtur,
984 2109 1069 2189 quod
1087 2107 1224 2171 verbum

161 2216 256 2280 ‘inde'
288 2219 323 2279 in
357 2223 508 2280 contextu
542 2220 698 2300 reposuit3
732 2224 870 2280 ceterum
901 2217 980 2278 alias
1002 2215 1151 2280 medendi
1174 2236 1224 2278 ra-

159 2327 262 2389 tiones
286 2346 350 2389 non
376 2329 485 2391 minus
509 2329 597 2391 lenes
622 2327 774 2390 adhibere
797 2327 880 2401 licet,
902 2325 1004 2388 veluti
1027 2326 1110 2388 hane
1127 2345 1224 2407 quam

160 2453 219 2518 ego
241 2455 398 2520 propono:
437 2435 488 2481 ³—
514 2457 611 2520 quom
647 2437 689 2518 id,
726 2437 812 2519 quod
847 2436 1002 2499 remansit
1035 2436 1070 2496 in
1108 2439 1226 2514 mente,

159 2544 233 2607 inde
256 2564 373 2608 rursus
397 2545 594 2628 movetur'2)

266 2654 305 2735 V,
329 2656 438 2737 §lta
463 2675 491 2738 p.
510 2656 572 2717 145
605 2658 639 2718 in
664 2658 772 2719 codice
801 2656 883 2718 Flor.
907 2656 1059 2738 legimus:
1097 2650 1223 2738 Morbis)

162 2765 218 2846 qui
243 2765 330 2845 quod
354 2770 423 2827 erat
444 2770 517 2845 post
543 2784 682 2845 murum,
715 2765 950 2828 Postmoerium
983 2764 1105 2826 dictum
1139 2764 1226 2826 eius-

160 2891 224 2954 que
247 2874 388 2955 auspicia
413 2871 536 2935 urbana
559 2873 729 2936 finiuntur’
763 2894 826 2956 qua
855 2875 890 2936 in
920 2874 1057 2936 lectione
1087 2871 1224 2935 verbum

162 2981 318 3064 ‘eiusque’
343 2984 504 3046 maximae
528 2988 576 3047 est
599 2983 776 3046 offensioni.
824 2982 937 3064 ltaque
965 2981 1096 3066 vulgata
1130 2982 1226 3045 lectio

162 3111 258 3173 quam
283 3092 428 3174 sequitur
451 3091 651 3176 Spengelius,
674 3097 745 3175 post
768 3092 901 3156 verbum
926 3091 1084 3174 ‘eiusque'
1112 3111 1225 3155 rocem

162 3199 308 3264 ‘ambitu’
333 3202 481 3280 collocat3
505 3201 682 3267 Muellerus
706 3222 723 3266 e
743 3202 884 3266 Turnebi
907 3203 1090 3265 coniectura
1113 3201 1225 3265 scribit

161 3308 251 3388 ‘eius
276 3310 364 3392 quo’:
391 3313 477 3394 quod
499 3313 544 3375 ita
567 3312 812 3395 intelligendum
836 3318 893 3390 est,
925 3316 963 3373 ut
982 3301 1076 3374 ‘eius'
1109 3311 1224 3374 urbem

161 3418 328 3501 significet.
354 3441 435 3503 quae
451 3421 656 3504 praecedenti
672 3421 829 3484 sententia
842 3425 1117 3483 commemoratur.
1152 3417 1225 3501 Ego

161 3529 194 3589 in
219 3527 376 3611 ‘eiusque’
399 3529 498 3594 verbo
523 3549 699 3613 pronomen
722 3531 891 3594 relativum
927 3527 1111 3592 delitescere
1134 3532 1225 3590 ratus

267 3739 294 3808 1)
313 3738 371 3795 Hoc
389 3741 484 3808 probat
501 3740 699 3794 Wilmannsius
716 3741 734 3794 l.
748 3758 770 3795 o.
784 3758 809 3809 p,
823 3741 866 3794 43.

267 3831 293 3900 2)
313 3831 376 3886 Sive
396 3835 467 3884 enim
486 3832 570 3885 verba
588 3849 655 3901 quae
673 3834 736 3886 sunt
754 3832 791 3885 ‘id
810 3823 887 3900 quod'
908 3832 1045 3900 tamquam
1064 3829 1133 3884 male
1145 3845 1223 3897 repe·

161 3921 211 3975 tita
229 3939 263 3975 ex
282 3924 503 3991 praecedentibus
521 3924 602 3994 deles,
622 3914 666 3977 ‘in'
687 3939 752 3978 vero
766 3922 912 3992 particulae
924 3922 982 3976 loco
994 3922 1115 3977 restituis
1133 3917 1222 3989 ‘inde',

161 4012 220 4066 sive
241 4015 328 4082 ‘quod'
348 4016 434 4070 solum
462 4016 588 4071 iteratum
616 4016 754 4070 existimas
773 4018 800 4068 et
817 4015 900 4069 verba
920 4014 957 4067 ‘in
975 4014 1011 4067 id'
1031 4015 1179 4069 commutas
1192 4013 1222 4065 in

161 4103 249 4173 ‘inde',
269 4105 363 4174 utique
382 4107 519 4164 lenissimo
537 4111 563 4163 te
583 4124 661 4162 nsum
681 4123 740 4162 esse
758 4106 875 4160 remedio
892 4121 971 4161 nemo
989 4105 1106 4176 negabit.

1010 4209 1027 4262 6
