2782 4614
675 229 715 291 78

159 420 252 482 dieat.
298 418 407 482 Verba
429 418 527 500 igitur
547 410 635 483 ‘cum
659 420 766 484 oausa'
799 421 832 482 in
856 420 916 481 hae
940 419 1098 481 sententia
1121 418 1220 500 pluri-

160 548 251 591 mum
275 528 407 592 valent¹l
440 534 536 610 atque
566 530 650 592 idem
686 532 874 614 exprimunt
907 529 993 612 quod
1017 527 1119 590 Varro
1145 528 1221 590 alibi

160 640 293 702 rationis
318 639 447 700 nomine
471 638 636 722 signifieat.
655 677 695 684 —
714 638 775 702 His
791 640 975 722 praemissis
996 637 1037 700 ad
1060 638 1221 700 oonieotu-

160 768 213 811 ras
246 754 350 823 venio,
381 747 499 830 quibus
523 754 707 830 corruptum
733 749 821 812 huno
839 749 945 811 loeum
970 748 1116 809 homines
1138 746 1223 808 dooti

161 856 334 920 reformare
369 857 571 920 studuerunt.
625 857 667 920 Et
690 858 834 942 Spengel.
869 857 1040 941 legendum
1077 858 1223 939 proponit

162 965 235 1027 hoo:
262 1003 304 1010 —
325 958 424 1048 tquod
450 1014 455 1027 .
481 1015 486 1026 .
512 1017 518 1030 .
543 967 706 1049 pleraque,
739 987 821 1051 quae
853 987 926 1030 oum
956 986 1053 1029 causa
1077 966 1222 1028 multitu-

161 1074 260 1156 dinis,
303 1075 519 1140 multitudinis
558 1077 723 1141 vocabulis
766 1079 831 1141 sint
873 1075 1038 1160 appellata!
1078 1076 1113 1137 in
1158 1092 1223 1156 quo

162 1184 301 1266 primum
332 1176 443 1267 ‘quod'
475 1186 666 1269 particulam
698 1188 860 1250 causalem
893 1205 962 1249 esse
1002 1189 1140 1268 apparet,
1179 1186 1225 1246 ita

165 1298 200 1355 ut
243 1313 372 1357 sensum
416 1315 629 1378 assequamur
671 1297 771 1359 huno:
820 1290 911 1360 ‘Dies
957 1297 999 1359 ist
1046 1293 1134 1356 nieht
1181 1313 1221 1356 zu

162 1403 270 1466 tadeln
306 1402 389 1469 (dass
421 1403 561 1468 Balneae
595 1405 730 1489 plurale,
770 1405 928 1469 Balneum
966 1405 1129 1489 singulare
1163 1405 1227 1484 ist),

165 1513 237 1575 weil
270 1514 329 1576 die
362 1515 527 1578 meisten
560 1515 775 1598 pluralisohen
798 1515 936 1598 Begriffe
965 1503 1155 1597 pluralisoh'
1171 1513 1226 1576 be-

165 1626 268 1685 nannt
291 1623 382 1685 sind’.
429 1623 533 1687 Varro
564 1626 673 1708 igitur,
707 1626 733 1688 si
766 1625 873 1688 locum
896 1630 981 1688 reete
1004 1624 1228 1704 intelligimus,

163 1752 184 1793 a
206 1733 349 1815 generali
372 1734 411 1795 ad
435 1719 570 1817 speciale
594 1735 758 1798 deseendit
781 1754 856 1797 oum
881 1735 977 1797 dieat:
999 1726 1100 1816 ‘quod
1117 1732 1229 1796 Scalae

163 1848 197 1903 et
220 1842 336 1923 Aquae
360 1841 475 1926 Saldae
497 1844 658 1927 pleraque,
683 1864 764 1927 quae
789 1865 862 1907 oum
887 1863 987 1907 eausa
1009 1843 1229 1906 multitudinis

163 1951 196 2029 (i.
221 1969 245 2013 e.
270 1953 428 2014 rationem
451 1953 668 2018 multitudinis
691 1956 726 2017 in
742 1974 776 2018 se
794 1949 932 2034 habent),
954 1953 1123 2016 vocabulis
1143 1953 1231 2014 mul-

166 2060 314 2123 titudinis
338 2062 402 2124 sint
425 2063 590 2145 appellata,
612 2064 684 2128 ideo
707 2064 896 2127 balnearum
918 2082 1047 2145 quoque
1062 2064 1229 2125 notionem

166 2171 212 2232 ita
235 2169 426 2254 appellatam
451 2172 539 2236 esse'.
807 2243 809 2247 ,

275 2282 318 2343 At
341 2282 487 2344 nondum
511 2284 683 2366 explicavit
706 2289 814 2345 noster
837 2281 1232 2346 ‘oausammultitudinis'

137 2426 143 2434 ν
168 2409 275 2472 neque
297 2392 332 2453 in
348 2383 512 2455 tBalneae’
536 2411 641 2475 neque
656 2394 690 2455 in
708 2393 769 2455 alio
785 2394 851 2456 ullo
868 2391 1023 2456 vocabulo
1046 2397 1094 2475 (ut
1109 2390 1234 2472 Scalae,

169 2501 308 2582 Aquael:
341 2503 450 2583 itaque
486 2503 571 2584 quod
604 2502 652 2564 illi
675 2508 785 2565 eontra
808 2503 985 2586 analogiam
1010 2502 1122 2565 dieunt
1141 2493 1235 2563 tBal-

169 2629 306 2673 nearum
341 2610 533 2674 vocabulum
564 2613 699 2694 plurale,
727 2605 912 2676 ‘Balneum'
945 2630 1014 2675 esse
1044 2609 1234 2692 singulare’,

168 2738 236 2782 non
267 2721 313 2783 ita
343 2721 481 2784 refutare
512 2727 615 2804 potest
647 2726 685 2784 ut
719 2721 891 2808 pleraque,
925 2740 1007 2804 quae
1035 2741 1109 2784 cum
1133 2739 1236 2784 eausa

169 2826 399 2912 multitudinis,
434 2832 650 2895 multitudinis
675 2831 842 2895 vocabulis
875 2849 945 2894 esse
976 2828 1142 2914 appellata'
1165 2849 1236 2893 res-

168 2940 317 3021 pondeat.
363 2940 466 3004 lmmo
491 2947 521 3004 et
544 2944 667 3006 ratione
689 2944 760 3024 ipsa
775 2943 950 3025 requiritur
973 2945 1004 3004 et
1027 2959 1069 3003 ex
1084 2941 1124 3002 iis
1149 2957 1236 3020 quae

169 3047 378 3131 sequuntur2)
402 3050 608 3113 manifestum
634 3058 690 3132 est,
714 3052 892 3114 Varronem
915 3069 1105 3133 responsum
1134 3067 1235 3111 suum

170 3159 267 3241 longe
310 3160 372 3222 alia
414 3159 586 3223 verborum
630 3161 881 3225 conformatione
922 3159 1109 3244 protulisse,
1155 3157 1233 3220 hae:

169 3266 308 3343 ‘Quibus
339 3271 523 3352 responderi
562 3276 678 3354 potest,
725 3291 790 3334 non
823 3289 893 3334 esse
925 3267 1240 3352 reprehendendum,

280 3598 307 3667 1)
325 3599 453 3652 Perverse
473 3599 502 3655 Ο.
522 3600 642 3654 Mueller.
666 3600 732 3653 haee
757 3599 840 3652 verba
862 3595 980 3663 sustulit,
1011 3595 1082 3663 quod
1107 3593 1182 3661 ‘quid
1201 3593 1240 3647 iis

172 3696 275 3748 faceret
286 3708 338 3745 non
351 3691 522 3760 reperiebat,
541 3707 590 3744 neo
604 3690 693 3742 minus
705 3689 771 3743 falso
784 3688 928 3742 Madvious
941 3687 1057 3740 mutavit
1068 3685 1085 3739 l.
1100 3702 1123 3744 e.
1138 3701 1163 3752 p.
1176 3686 1238 3740 177.

281 3787 307 3853 2)
325 3785 357 3837 ln
384 3784 428 3837 his
455 3783 527 3837 onim
545 3783 630 3836 Varro
650 3768 801 3835 aoouratius
820 3778 938 3849 explicat
962 3793 1080 3846 oausam,
1108 3792 1157 3829 our
1174 3775 1242 3830 illae

174 3877 292 3947 plurales
315 3876 434 3931 notiones
459 3875 596 3928 vocabulis
626 3873 807 3928 multitudinis
838 3870 986 3941 appellatae
1010 3870 1078 3927 sint:
1109 3866 1242 3936 Balneae,

176 3968 277 4034 Scalae,
297 3971 397 4037 Aquae,
416 3968 520 4023 Saldae.
557 3966 704 4034 Exspeotes
723 3964 807 4032 igitur
830 3965 890 4034 post
913 3961 1073 4015 vocabulum
1093 3957 1239 4011 ‘Primum‘

175 4060 334 4131 partieulam
354 4076 422 4129 quae
441 4062 482 4112 est
501 4059 596 4116 ‘enimi
