2782 4614
657 248 714 310 111

157 462 237 505 nera
259 438 383 520 haec’.¹)
428 438 454 513 Ι,
478 439 519 498 42
545 437 629 519 apud
656 433 834 498 Gesnerum
860 434 1011 516 legimus:
1033 423 1079 492 ‘id
1105 431 1223 493 seritur

157 553 211 630 ita,
235 555 272 612 ut
296 568 403 612 semen
427 548 572 626 iactatur,
596 543 867 626 quemadmodum
893 541 1013 605 scilicet
1029 560 1104 603 cum
1120 539 1220 622 pabu-

158 661 227 722 lum
252 664 282 722 et
309 658 506 720 frumentum
541 653 684 718 seritur'‚·
717 655 751 715 in
784 672 848 734 quo
874 651 1036 715 Gesnerus
1068 650 1136 731 ipse
1169 647 1221 710 vel

155 761 317 831 ‘iactetur’
334 768 387 829 rel
400 760 556 829 ‘iaciatur'
580 763 800 847 reponendum
820 780 890 825 esse
906 755 1103 823 existimata)
1129 756 1220 832 Quod

159 897 237 940 vero
261 897 318 959 pro
343 896 381 938 ea
405 894 489 958 quae
512 875 616 937 estin
641 872 867 953 manuscriptis
886 876 963 933 nota
978 867 1004 930 L
1019 870 1052 930 in
1069 873 1223 931 contextu

158 989 266 1070 posuit
286 979 441 1064 ‘seilicet’,
465 1003 529 1046 non
553 995 637 1046 recte
659 976 769 1044 feeit3l

269 1093 330 1157 Sed
351 1087 417 1158 ‘ita'
441 1093 616 1176 particulae
641 1093 698 1173 qui
717 1092 759 1154 sit
777 1091 925 1174 proprius
942 1088 1026 1172 apud
1041 1087 1222 1149 Varronem

162 1224 241 1266 usus
265 1205 291 1266 si
316 1204 502 1285 quaerimus
525 1200 815 1265 innumerabilibus
838 1200 918 1262 locis
941 1200 985 1261 ita
1009 1199 1164 1276 consistit,
1187 1202 1225 1260 ut

159 1313 318 1397 particula
331 1305 391 1376 ‘ut’
409 1314 614 1376 consecutiva
631 1317 798 1395 sequatur:
822 1306 908 1371 valet
923 1309 1022 1390 igitur
1034 1299 1222 1388 ‘tantopere’

160 1422 213 1484 vel
233 1415 281 1483 ‘in
306 1441 379 1484 eum
396 1421 546 1484 modum’.
594 1422 695 1484 Cuius
718 1421 846 1502 generis
863 1418 1011 1501 exempla
1026 1419 1160 1499 longum
1177 1420 1225 1478 est

160 1550 366 1608 enumerare3
409 1550 446 1592 ea
480 1532 587 1612 potius
622 1529 800 1607 afferemus,
836 1527 954 1608 quibus
989 1527 1073 1589 alius
1108 1525 1225 1607 aliquis

161 1639 337 1721 particulae
371 1658 451 1701 usus
485 1637 721 1722 comprobatur.
767 1637 882 1718 ltaque
913 1638 1053 1719 primum
1077 1639 1125 1697 est
1157 1653 1223 1695 me-

163 1747 326 1828 morabile,
349 1748 534 1829 saepissime
557 1749 591 1809 in
615 1748 665 1810 bis
688 1745 779 1809 libris
804 1766 885 1828 quos
902 1746 940 1808 de
961 1743 1139 1827 originibus
1156 1762 1225 1805 ver-

163 1855 277 1918 borum
301 1856 483 1919 indicandis
508 1858 646 1941 scripsit,
671 1855 850 1919 Varronem
871 1875 945 1918 oum
963 1853 1070 1917 verbis
1090 1852 1227 1925 dicendi,

162 1965 364 2041 nominandi,
400 1965 580 2048 appellandi
616 1967 676 2028 hoc
711 1966 900 2029 adverbium
936 1964 1152 2039 consociasse,
1192 1963 1225 2022 in

161 2070 313 2135 cornibus
337 2080 444 2135 autem
469 2076 625 2157 exemplis
649 2077 742 2157 (quae
767 2095 865 2156 supra
881 2074 1075 2160 notavimus)
1096 2065 1161 2135 tita'
1186 2071 1226 2133 ad

162 2200 385 2264 praegressum
410 2182 540 2264 aliquod
564 2184 701 2247 verbum
719 2189 847 2266 spectat.
895 2181 1031 2263 Reliqua
1051 2179 1227 2265 particulae

162 2290 310 2373 exempla
334 2290 483 2355 inlibris
508 2292 547 2354 de
571 2293 589 2354 l.
605 2294 625 2355 l.
650 2298 727 2356 sunt
750 2294 841 2355 haec:
869 2291 907 2372 V,
925 2292 980 2372 §4
1004 2312 1032 2375 p.
1052 2291 1092 2352 14
1117 2290 1226 2374 (fieriu

163 2400 218 2461 cfr.
239 2399 294 2476 VI,
321 2401 398 2482 §52
422 2422 452 2485 p.
470 2403 548 2480 2283
575 2402 664 2483 VIII,
689 2404 744 2484 §3
768 2423 796 2485 p.
814 2400 894 2480 3933
919 2400 978 2481 IX,
1003 2401 1079 2483 §87
1105 2421 1135 2483 p.
1153 2397 1226 2462 522.

162 2508 234 2589 (cfr.
254 2509 292 2572 de
308 2530 331 2572 r.
348 2531 373 2572 r.
399 2509 441 2588 ΙΙ,
460 2513 563 2589 1,12).
609 2512 716 2593 VII,§
738 2512 778 2574 26
795 2532 824 2594 p.
845 2510 907 2573 312
925 2507 1050 2597 (nasci);
1073 2509 1110 2590 V,
1127 2511 1145 2591 ξ
1165 2508 1227 2571 105

164 2638 192 2700 p.
214 2619 274 2681 108
299 2621 449 2694 (sonare):
475 2623 509 2683 in
534 2622 654 2704 quibus
670 2623 826 2705 particula
849 2623 924 2684 item
950 2621 989 2684 ad
1006 2620 1229 2703 praecedentia

163 2729 300 2810 respicit.
348 2728 408 2791 His
432 2735 540 2793 autem
565 2731 655 2808 locis,
688 2733 844 2813 quisunt
878 2727 992 2815 Vlup
1020 2729 1059 2790 14
1091 2749 1119 2812 p.
1148 2726 1227 2806 3003

163 2834 206 2917 X,
229 2834 248 2921 ξ
271 2839 313 2900 42
338 2858 366 2920 p.
392 2839 455 2900 568
485 2860 563 2903 num
589 2846 674 2902 recte
695 2831 763 2901 tita'
788 2840 918 2922 legatur
940 2839 1147 2901 vehementer
1171 2836 1230 2899 du·

162 2984 375 2992 ——...-.

270 3069 296 3137 1)
315 3070 348 3122 ln
375 3069 456 3137 antiq.
475 3086 526 3123 rer.
546 3071 600 3123 div.
623 3070 722 3138 legitur
748 3087 773 3138 p.
796 3070 895 3134 106,2;
925 3063 1006 3121 ‘sicut
1024 3100 1057 3107 -
1077 3069 1137 3137 ita’3
1165 3067 1230 3120 item

164 3176 189 3226 p.
204 3161 263 3215 186.
278 3191 309 3200 -
330 3179 355 3229 p.
370 3162 429 3229 106,
440 3162 470 3214 2:
489 3156 636 3227 ‘Quomodo
649 3193 682 3200 -
695 3162 755 3215 ita':
775 3161 846 3230 quod
865 3176 914 3228 ogo
927 3159 1075 3215 Varronem
1089 3163 1230 3230 scripsisse

164 3267 239 3317 nego,
277 3251 331 3307 Sat.
349 3253 419 3306 Men.
438 3269 463 3320 p.
484 3254 543 3320 176,
564 3254 616 3308 166
634 3249 692 3322 (ita
711 3259 741 3306 ut
760 3253 833 3306 soliti
853 3252 987 3320 eramus').

270 3344 297 3411 2)
315 3338 446 3398 ‘iaciatur'
465 3361 513 3413 ego
532 3362 594 3399 oum
614 3345 772 3399 Zalilfeldtio
791 3363 817 3412 p.
838 3346 871 3399 19
891 3361 916 3396 n.

272 3432 299 3501 3)
319 3433 358 3486 De
385 3435 435 3490 hac
463 3442 526 3490 nota
553 3437 621 3489 mihi
648 3440 720 3490 recte
747 3437 881 3489 iudicasse
900 3434 1007 3487 videtur
1026 3434 1179 3504 Scaligerus
1198 3439 1248 3488 ad-

165 3521 186 3588 1,
206 3523 290 3590 59,2;
319 3525 363 3576 cui
382 3526 560 3595 adstipulatur
578 3527 718 3585 Zahlfeldt.
739 3547 763 3598 p.
787 3526 817 3580 18
837 3542 876 3595 sq.
898 3557 927 3564 —
956 3526 1080 3579 Ceterum
1101 3526 1232 3595 particula

165 3629 234 3680 <quae
252 3617 294 3667 est
311 3609 431 3672 ‘scilicet'
450 3619 479 3671 in
496 3618 540 3672 his
559 3620 591 3672 de
603 3636 625 3677 r.
637 3636 657 3677 r.
669 3619 747 3673 libris
766 3618 865 3687 legitur
883 3619 932 3685 ΠΙ,
945 3620 999 3686 9,4
1017 3635 1032 3671 e
1046 3617 1230 3686 pulcherrima

164 3703 294 3787 Scaligeri
314 3709 507 3778 emendatione,
527 3727 609 3780 quam
626 3715 654 3765 et
673 3712 807 3765 Gesnerus
826 3721 853 3764 et
871 3710 976 3764 Keilius
995 3711 1030 3778 (p.
1050 3710 1096 3779 42)
1117 3709 1227 3762 verissi-

166 3810 236 3846 mam
256 3801 358 3864 putant.
394 3800 470 3855 Libri
490 3802 522 3855 de
541 3802 558 3855 l.
572 3802 589 3855 l.
604 3803 751 3871 particulae
769 3802 894 3870 exempla
912 3802 1011 3855 habent
1030 3801 1096 3855 duo:
1119 3800 1154 3868 Χ,
1168 3803 1183 3868 ξ
1196 3802 1232 3857 18

166 3901 191 3952 p.
212 3886 276 3952 5553
295 3889 311 3956 ἓ
329 3892 365 3944 44
382 3908 407 3959 p.
427 3892 481 3947 570
500 3893 589 3962 (quem
609 3893 699 3948 locum
712 3894 871 3963 Spengelius
891 3893 1046 3946 emendavit
1065 3892 1105 3946 De
1125 3893 1230 3946 emend.

165 3979 213 4030 rat.
228 3995 252 4045 p.
267 3979 311 4048 10)
359 3981 390 4034 ln
407 3983 565 4050 fragmentis
581 3983 681 4053 legitur
699 3984 753 4040 Sat.
767 3986 837 4039 Men.
858 4002 882 4052 p.
897 3985 956 4053 176,
972 3984 1031 4042 167.
1053 3984 1090 4053 (p¹
1106 3985 1165 4051 189,
1179 3984 1231 4038 319

164 4066 315 4129 Buecheler
333 4065 366 4123 ‘si
384 4065 476 4142 licet’).
