2782 4614
681 283 699 344 7

159 473 294 554 ratione,
330 472 385 536 sed
421 476 530 536 tamen
564 492 631 536 non
666 478 778 536 contra
807 523 813 535 .
838 523 844 537 .
870 473 1082 558 aneiogiam’)‚
1117 476 1152 537 in
1187 494 1224 539 eo

162 581 290 645 ‘tamen’
307 600 465 644 aeneum
480 583 659 664 negatione,
676 582 820 646 sedeam
843 582 920 646 ‘sed'
937 584 1081 666 copulari
1097 581 1225 661 deberi)

267 691 420 755 Formula
457 711 540 775 quae
576 697 625 755 est
660 686 735 761 Cum
767 730 807 738 -
835 694 914 776 tum,
950 712 986 756 ea
1024 711 1108 775 quae
1139 690 1227 757 idem

161 801 323 884 significat
342 801 430 883 qnod
454 800 496 865 ‘et
520 839 561 847 -
586 800 636 882 et',
658 803 693 864 in
715 801 807 870 libris
831 803 869 865 de
893 802 951 865 11.
975 820 1041 864 non
1064 806 1165 882 extat3
1190 803 1226 864 in

160 911 252 975 libris
277 912 363 974 der.
387 931 411 973 r.
436 913 562 994 scriptis
587 929 657 974 eam
678 913 790 975 inveni
813 912 862 975 his
885 913 979 976 loeis:

268 1019 293 1099 I,
319 1019 369 1099 55,
385 1020 401 1080 7
426 1019 473 1099 (Is
489 1020 605 1083 humor
622 1020 770 1083 modicus
786 1040 859 1083 cum
876 1022 916 1084 ad
935 1020 1053 1084 multas
1069 1041 1130 1102 res,
1155 1027 1225 1085 tum

163 1128 202 1191 ad
228 1129 458 1212 agriculturam
482 1129 620 1210 pertinet
641 1131 866 1211 vehementer).

270 1236 312 1317 II,
336 1236 398 1318 4,3
423 1234 517 1317 (Cum
540 1238 618 1301 haec
642 1240 753 1303 eadem
778 1242 815 1302 ut
838 1237 975 1300 habeant
990 1257 1100 1303 verres
1116 1240 1227 1303 viden-

162 1346 250 1428 dum,
273 1350 343 1409 tum
368 1348 483 1429 utique
507 1347 571 1411 sint
594 1347 774 1412 cervicibus
798 1345 938 1428 amplis).

270 1455 328 1538 111,
354 1457 382 1534 9,
398 1455 437 1517 15
463 1455 586 1538 ‘Neque
608 1456 716 1540 pullos
739 1460 866 1520 tantum
890 1457 943 1536 (so.
967 1456 1227 1542 prodigendum),

162 1565 219 1629 sed
244 1584 338 1629 omne
363 1556 637 1651 ὀρνιθοβοσκεῖον,
662 1586 735 1629 oum
761 1570 890 1646 aestate,
923 1570 994 1628 tum
1015 1566 1128 1647 utique
1152 1583 1227 1626 cum

162 1678 334 1758 tempestas
358 1675 399 1738 sit
421 1672 551 1755 meliis).

269 1782 371 1846 Vides
401 1785 501 1866 igitur
533 1803 608 1846 oum
640 1784 798 1865 particula
822 1783 922 1847 ‘Tum’
947 1785 1150 1846 coniunctam
1177 1780 1228 1845 bis

165 1891 299 1976 ‘utique’
334 1893 393 1956 hao
416 1894 550 1974 ratione,
581 1897 619 1955 ut
649 1892 705 1954 illa
731 1893 837 1974 verba,
871 1912 1008 1975 quorum
1042 1893 1077 1955 in
1101 1909 1229 1954 conexu

162 2001 268 2065 locum
293 2001 399 2082 habet,
422 2020 498 2085 prae
522 2004 634 2065 ceteris
658 2002 839 2081 eleventur3
863 2003 897 2065 id
921 2002 1008 2085 quod
1023 2001 1127 2064 bonae
1143 2005 1229 2063 aeta·

163 2111 205 2173 tis
236 2113 406 2193 scriptores
441 2110 507 2174 iere
539 2110 629 2173 ‘tum'
663 2129 742 2174 voce
777 2111 845 2174 sola
884 2113 1063 2194 exprimere
1095 2113 1187 2173 const
1208 2112 1228 2170 t.

164 2215 329 2282 Particula
352 2224 460 2283 autem

272 2326 386 2413 Utique
420 2330 504 2392 siout
535 2329 673 2392 formula
704 2329 761 2392 illa
791 2330 875 2394 inter
905 2328 1005 2393 libros
1039 2328 1078 2391 de
1101 2327 1120 2391 1.
1146 2326 1166 2389 1.
1198 2329 1230 2389 ot

164 2434 264 2499 libros
289 2437 329 2499 de
351 2457 377 2502 r.
394 2459 419 2503 r.
446 2439 620 2503 discrimen
643 2439 748 2520 efficit,
772 2440 933 2518 siquidem
956 2441 991 2502 in
1013 2439 1077 2500 illis
1097 2437 1228 2500 omnino

166 2565 338 2628 nusquam,
361 2549 397 2610 in
420 2550 471 2612 his
495 2550 635 2612 occurrit
657 2548 880 2632 compluribus
903 2548 990 2630 locis,
1014 2548 1076 2611 his:

272 2655 315 2738 II,
330 2658 363 2738 4,
375 2659 415 2720 21
443 2657 658 2740 (‘Oastrantur
672 2679 782 2722 verres
801 2658 1059 2721 commodissime
1076 2655 1229 2736 anniculi,

165 2766 280 2847 utique
298 2785 341 2828 ne
363 2768 505 2832 minores
524 2789 620 2850 quam
637 2771 831 2848 semestres),
859 2767 961 2848 10,11
988 2766 1055 2847 (Ad
1070 2783 1229 2848 equarum

166 2893 299 2957 gregem
323 2876 640 2959 quinquagenarium
663 2877 734 2939 bini
748 2877 903 2940 homines.
949 2875 1071 2958 Utique
1094 2878 1230 2956 uterque

166 2984 283 3046 horum
317 2989 355 3047 ut
389 2963 500 3049 secum
534 2986 650 3049 habeat
684 3005 783 3068 equas
819 2986 954 3049 domitas
990 2984 1166 3068 singulas.
1191 2983 1228 3062 .);

165 3092 223 3174 III,
249 3093 309 3175 7,6
334 3093 472 3177 (Ipsae.
497 3143 503 3156 .
529 3144 535 3157 .
559 3097 673 3178 ntique
688 3095 825 3159 redeunt
849 3146 855 3158 .
880 3098 912 3177 .);
939 3095 1020 3176 12,7
1047 3092 1134 3174 (Duo
1160 3092 1231 3175 qui·

167 3203 238 3266 dem
263 3205 376 3286 utique
399 3208 431 3267 te
454 3203 570 3268 habere
593 3206 692 3287 puto).
738 3202 937 3287 11,4,3(v.
964 3202 1084 3286 supra),
1116 3200 1176 3283 III,
1202 3202 1231 3283 9,

169 3312 209 3373 15
238 3312 418 3395 (usupra).

273 3420 298 3502 I,
330 3422 369 3484 19
405 3423 440 3484 in
472 3422 536 3485 fine
568 3424 679 3505 capitis
711 3426 783 3505 post
805 3421 940 3484 verbum
974 3418 1117 3484 ‘stercus’
1152 3419 1231 3481 haee

166 3531 266 3594 verba
290 3532 397 3594 addita
421 3532 552 3594 suntin
578 3530 757 3594 codicibus:
784 3528 842 3593 ‘De
866 3527 1001 3592 canibus
1024 3548 1099 3591 vero
1116 3528 1231 3609 utique

275 3722 302 3791 1)
320 3722 396 3776 Alias
415 3722 572 3776 huiusmodi
592 3723 729 3792 formulae,
756 3725 787 3776 ut
805 3723 869 3775 sunt
886 3716 982 3788 ‘neque
1001 3711 1078 3774 enim'
1101 3721 1159 3790 (pro
1178 3735 1232 3787 qua

167 3830 221 3868 non
240 3814 329 3867 minus
353 3830 432 3883 saepe
459 3809 522 3868 ‘non
541 3807 620 3868 enim'
648 3831 664 3868 a
691 3815 782 3867 nostro
805 3813 933 3881 ponitur),
959 3806 1018 3865 ‘nec
1036 3802 1144 3879 minus’,
1172 3805 1231 3863 ‘neo

168 3897 261 3959 solum'
283 3905 390 3959 silentio
408 3906 572 3974 praeteribo;
595 3922 653 3959 eam
673 3908 763 3959 autem
782 3918 850 3971 quae
869 3906 911 3956 est
928 3896 1024 3970 ‘neque
1042 3894 1130 3958 etiam’
1152 3901 1231 3970 paulo

168 3995 239 4050 infra
256 4013 311 4051 una
330 4013 392 4050 cum
409 3997 451 4065 iis,
471 4013 540 4065 quae
558 4001 622 4051 sunt
638 3991 695 4050 ‘aut
712 3986 810 4063 etiam’,
828 3987 882 4047 ‘vel
900 3984 999 4060 etiam',
1017 3988 1081 4048 ‘nisi
1093 3993 1183 4048 etiam*
1201 3992 1232 4045 in

167 4089 351 4157 quaestionem
370 4089 480 4145 vocabo.
