2782 4614
715 261 755 321 72

203 453 296 514 tertio
325 449 502 514 Muellerus
529 451 643 513 nititur
677 454 875 532 argumento,
908 449 996 531 quod
1024 447 1151 512 Nonius
1178 449 1267 514 illius

202 539 392 644 negationis·
424 560 608 642 exemplum
640 579 657 623 e
691 558 848 621 Varronis
887 558 926 620 ad
959 557 1090 621 Fufium
1131 560 1268 642 epistula

203 673 437 750 commemoret,
470 669 531 732 hoc
560 669 780 732 testimonium
814 666 1002 730 Nonianum
1036 667 1165 731 levioris
1200 690 1267 733 mo-

203 781 304 842 menti
326 777 371 860 fit,
395 780 422 843 si
445 783 552 842 tecum
574 783 713 863 reputas,
729 775 892 839 ‘noenum’
915 795 956 839 ex
973 777 1110 859 epistula
1132 778 1269 858 laudari,

203 890 237 950 in
262 909 327 971 qua
349 889 402 951 vel
426 888 562 970 optimae
585 894 680 952 notae
704 888 874 970 scriptores
897 906 962 949 non
979 906 1051 949 raro
1069 887 1109 949 ad
1133 889 1268 971 vulgare

203 1016 306 1079 genus
331 997 457 1060 dicendi
492 998 598 1061 delabi
631 993 791 1075 constt1)
838 992 943 1069 Quare
976 997 1077 1079 magis
1109 1003 1267 1086 expectes

205 1107 298 1168 utin
320 1106 471 1169 familiari
495 1126 642 1171 sermone
668 1126 763 1189 quem
786 1105 862 1168 fecit
885 1105 924 1167 de
947 1125 971 1166 r.
995 1126 1028 1181 r„
1053 1105 1155 1169 Varro
1178 1107 1267 1170 illam
1303 1124 1309 1133 ·

131 1203 132 1206 ¹
202 1216 392 1298 particulam
425 1217 588 1295 adhibeat;
621 1219 655 1278 in
693 1216 836 1278 doctrina
860 1233 935 1276 vero
958 1214 1116 1278 librorum
1142 1216 1180 1278 de
1203 1217 1223 1278 l.
1247 1217 1267 1278 l.

204 1345 279 1388 eum
295 1331 361 1388 tam
377 1345 470 1409 saepe
489 1328 544 1389 illa
561 1347 656 1389 usum
674 1345 743 1388 esse
761 1344 818 1407 ego
835 1343 900 1386 non
921 1324 1024 1387 credo.
1042 1324 1267 1388 —Postremo

203 1437 230 1497 si
257 1425 418 1498 Ciceronis
441 1436 609 1518 aequalem
625 1454 694 1498 esse
710 1434 890 1497 Varronem
911 1435 1100 1515 cogitamus,
1117 1437 1267 1516 quamvis

204 1543 343 1607 ‘omnem
368 1550 517 1608 ornatum
541 1550 572 1608 et
606 1545 832 1627 elegantiorem
857 1543 1097 1604 enuntiatorum
1132 1545 1267 1606 coniun-

205 1654 343 1716 ctionem
367 1655 515 1717 consulto
540 1674 614 1718 eum
643 1655 761 1716 vitasse
789 1657 819 1715 et
843 1653 936 1735 quasi
971 1652 1132 1738 defugisse
1156 1672 1192 1714 ao
1217 1651 1269 1714 Oi-

204 1763 311 1825 ceroni
346 1764 384 1826 de
416 1764 575 1827 industria
607 1763 766 1863 obnixum
795 1761 874 1825 esse'
908 1759 1070 1844 constet,2)
1095 1767 1203 1824 tamen
1227 1763 1267 1824 ad

206 1869 369 1934 Ciceronis
394 1877 529 1935 aetatem
550 1872 705 1935 Varronis
728 1891 792 1934 non
816 1871 898 1933 illud
927 1871 1058 1953 quidem
1083 1869 1266 1954 ‘abruptum

204 1986 236 2043 et
269 1982 442 2064 neglegens
477 1981 639 2044 scribendi
670 1977 820 2062 genus',3)
856 1986 889 2043 at
921 1981 1063 2046 delectus
1095 1979 1267 2043 verborum

205 2091 440 2171 quodammodo
479 2092 637 2154 convenit.
695 2088 758 2165 Qui
796 2091 881 2152 enim
914 2090 1006 2153 locus
1041 2089 1267 2154 Varronianus

203 2199 335 2283 praebet
349 2201 538 2283 particulam
556 2199 646 2262 ‘ast’P
671 2201 728 2281 qui
744 2198 908 2281 ‘absque’P
934 2200 990 2282 qui
1007 2199 1107 2262 alium
1124 2200 1266 2282 aliquem

208 2328 225 2371 e
249 2311 359 2372 multis
376 2329 456 2392 quos
481 2311 602 2372 scimus
624 2310 722 2391 prisci
746 2309 901 2371 sermonis
924 2307 1088 2372 flosculis?
1112 2308 1176 2372 Hic
1199 2329 1268 2373 cre-

205 2419 376 2481 demusin
410 2419 501 2482 libris
526 2419 565 2481 de
588 2419 607 2480 l.
631 2420 650 2481 l.
675 2419 854 2481 Varronem
888 2424 954 2481 tam
984 2437 1077 2501 saepe
1107 2420 1268 2502 particula

205 2526 336 2590 ‘noenu'
360 2548 458 2590 usum
483 2529 573 2591 esse?
608 2527 675 2611 Ego
700 2528 831 2610 quidem
860 2533 896 2590 ut
931 2529 1058 2591 credam
1082 2549 1101 2590 a
1125 2546 1176 2591 me
1200 2548 1268 2592 non

202 2639 353 2719 impetr03
379 2657 416 2700 ac
440 2657 480 2701 ne
504 2637 678 2701 Muellerus
708 2637 839 2720 quidem
867 2638 934 2719 ipse
963 2635 1100 2722 credit4)
1146 2638 1268 2701 Tamen

202 2746 286 2810 belle
310 2749 492 2831 suspicatus
516 2751 572 2829 est,
594 2748 640 2809 ita
659 2752 696 2809 ut
719 2745 758 2808 de
782 2765 818 2808 eo
846 2746 916 2808 loco
946 2749 1001 2829 qui
1025 2754 1074 2811 est
1096 2748 1155 2829 IX,
1179 2746 1198 2833 ξ
1225 2749 1268 2811 94

202 2876 232 2939 p.
258 2857 319 2917 527
353 2858 423 2919 iure
451 2856 491 2919 ab
527 2875 563 2918 eo
599 2856 720 2918 dictum
752 2856 900 2918 videatur
923 2855 1147 2921 ‘dasseinem
1167 2859 1267 2941 jeden

205 2965 342 3028 dieselbe
366 2964 573 3048 Vermutnng
598 2966 664 3027 sich
690 2965 888 3048 aufdrangen
912 2966 1021 3029 mnes)

312 3075 374 3136 Sed
408 3076 472 3137 iam
507 3075 635 3157 singula
669 3074 817 3157 exempla
852 3075 991 3139 breviter
1026 3077 1267 3140 describamus!

205 3182 319 3265 Itaque
342 3183 403 3246 hoc
426 3184 495 3246 loco
521 3203 617 3266 quem
641 3202 699 3266 ego
723 3184 832 3246 addidi
858 3184 896 3266 V,
920 3186 938 3266 ξ
964 3186 1015 3264 26,
1040 3208 1069 3270 p.
1094 3188 1136 3248 43

367 3291 525 3376 Stagnum
549 3314 568 3356 a
590 3312 705 3377 graeco
730 3288 866 3376 στεγνὸν,
901 3295 988 3376 quod
1012 3315 1130 3360 nomen
1166 3294 1267 3359 habet

270 3423 414 3485 primam.

204 3545 417 3554 ——.—.-—

312 3617 337 3683 1)
358 3616 449 3673 Cicero
467 3619 534 3689 ipse,
559 3618 583 3671 si
600 3617 721 3670 Mediceo
751 3617 839 3670 codici
865 3617 931 3670 fidos
961 3620 1009 3685 est,
1041 3618 1108 3672 dicit
1136 3613 1265 3672 ‘noenum

204 3700 318 3762 rebatur’
339 3708 373 3762 ad
392 3711 447 3766 Att.
470 3710 527 3763 VH.
548 3711 571 3777 3,
590 3709 621 3775 83
642 3710 688 3763 cfr.
708 3709 873 3763 Lachmann.
892 3708 909 3763 l.
930 3726 952 3762 c.

312 3801 338 3869 2)
358 3801 405 3856 cfr.
423 3802 586 3856 Wilmanns
604 3800 621 3853 l.
641 3818 663 3855 c.
681 3819 707 3871 p.
725 3803 769 3859 44.

311 3894 339 3960 3)
358 3894 451 3949 'Wilm
470 3894 488 3949 l.
508 3911 529 3952 c.

312 3991 339 4048 4>
356 3980 411 4038 ‘ich
434 3987 522 4040 werde
541 3986 615 4040 mich
636 3986 729 4054 hiiten,
754 3985 805 4037 mit
829 3984 914 4038 voller
938 3985 1137 4039 Bestimmtheit
1160 4001 1195 4037 zu
1219 3984 1268 4038 be-

204 4077 335 4146 haupten'
354 4078 445 4132 Muell.
464 4078 480 4130 l.
500 4095 522 4131 o.
