2782 4614
687 310 748 374 120

292 497 482 562 Ablativum
515 497 559 560 ‘in
590 499 684 563 terra’
717 504 826 562 tenere
858 516 924 560 non
955 498 1049 561 modo
1077 499 1161 580 licet,
1192 500 1252 562 sed

188 627 321 691 prorsus
344 626 475 671 necesse
499 614 555 690 est,
586 610 746 692 siquidem
769 608 928 672 sententia
951 611 999 670 est
1021 607 1113 673 haec:
1149 607 1255 672 ‘Udor

190 718 339 798 quamvis
371 719 413 780 sit
449 717 599 780 deorsum
634 721 670 782 in
705 725 799 800 terra,
838 722 947 781 tamen
975 718 1061 780 sumi
1088 721 1170 801 pote.
1217 718 1253 782 Is

189 831 298 890 autem
321 827 422 906 locus,
446 827 535 890 unde
559 831 645 892 sumi
668 833 750 912 pote,
773 827 894 891 Puteus
918 826 1074 910 (dictus)'.

293 935 368 1017 VII,
390 957 420 1020 p.
445 937 519 1018 286,
547 938 566 1021 ᾗ
592 938 610 999 5
635 940 774 1020 quaein
799 937 906 1001 codice
931 935 962 999 F.
986 937 1140 1020 leguntur
1170 936 1253 1000 ‘tum

190 1063 370 1128 quaecum
394 1046 592 1128 temporibus
617 1053 693 1112 sunt
717 1049 890 1111 coniuncta
914 1048 962 1110 dis
986 1051 1087 1129 utque
1103 1064 1176 1110 cum
1200 1047 1254 1110 his

190 1156 254 1217 sint
286 1155 457 1217 coniuncta
491 1155 676 1239 adiungam'
715 1176 773 1239 ego
804 1158 850 1220 sic
880 1158 1028 1220 restituo:
1054 1149 1111 1202 ‘—-
1140 1156 1179 1219 de
1202 1157 1254 1237 iis,

190 1269 292 1346 utque
324 1283 400 1326 oum
430 1265 481 1328 his
513 1267 579 1328 sint
610 1267 790 1348 coniuncta,
826 1265 1021 1348 adiungam’.
1078 1264 1254 1348 Perperam

190 1372 368 1437 Muellerus
382 1372 504 1456 ‘utque’
518 1377 708 1458 particulam
721 1379 825 1439 mutat
836 1377 871 1438 in
886 1375 933 1438 ‘ut
946 1375 1054 1457 quae?
1068 1375 1151 1439 male
1165 1376 1254 1439 enim

190 1485 307 1547 iterum
325 1489 493 1566 ponuntur
509 1484 606 1547 verba
623 1485 717 1568 ‘quae
734 1505 809 1548 cum
829 1486 879 1548 liis
897 1483 1089 1548 coniuncta'
1125 1482 1253 1548 Deinde

79 1643 83 1651 .
191 1593 362 1656 libidinose
377 1613 435 1677 pro
447 1593 516 1657 ‘dis'
531 1596 566 1657 in
579 1601 733 1658 contextu
744 1597 836 1679 ponit
846 1595 912 1658 ‘sed
922 1595 986 1673 ita’‚
1000 1596 1036 1656 in
1051 1613 1115 1676 qno
1129 1599 1254 1677 praete-

191 1723 245 1767 rea
255 1702 331 1767 ‘sed'
341 1705 499 1786 particula
512 1703 661 1769 durescit.
685 1704 834 1787 Denique
847 1704 1045 1788 adiungendi
1057 1703 1255 1766 vocabulum

192 1833 266 1896 non,
278 1813 366 1896 quod
376 1813 552 1876 Muellerus
568 1815 651 1877 velle
660 1814 797 1896 videtur,
807 1805 1088 1896 significat‘obiter
1097 1811 1256 1893 tractare’‚

193 1924 249 1988 sed
272 1924 337 1987 fere
360 1923 448 1986 idem
472 1928 521 1986 est
544 1943 581 1985 ac
605 1923 724 2001 dicere;
748 1923 781 1986 id
806 1923 894 2005 quod
918 1928 984 1986 toto
1007 1923 1067 1986 hcc
1085 1922 1167 1986 libro
1185 1941 1258 2005 scp-

193 2035 270 2096 timo
295 2033 541 2113 demonstratur,
564 2034 600 2095 in
625 2052 688 2115 quo
712 2031 811 2096 verba
828 2051 910 2114 quae
934 2034 1004 2116 ipsa
1024 2037 1169 2114 tempora
1192 2033 1258 2115 sig-

193 2143 335 2226 nificant,
364 2163 431 2206 non
459 2145 620 2226 copiosius
648 2142 851 2226 explicantur
880 2161 976 2224 quam
1008 2161 1153 2224 eaquae
1181 2160 1259 2204 cum

193 2241 258 2315 illis
281 2254 454 2315 coniuncta
477 2258 560 2316 sunt.

301 2361 490 2445 Spengelius
525 2362 732 2426 scribendum
767 2381 836 2426 esse
868 2362 1017 2425 coniecit:
1050 2353 1135 2423 ‘tum
1173 2379 1261 2442 quae

196 2492 270 2534 cum
294 2471 490 2554 temporibus
514 2477 591 2535 sunt
613 2474 794 2549 coniuncta,
830 2471 934 2534 dicam
969 2475 1069 2553 utque
1100 2488 1175 2532 cum
1206 2468 1260 2531 his

195 2583 261 2646 sint
282 2583 455 2645 coniuncta
477 2582 672 2665 adiungam’.
718 2580 789 2656 Qua
819 2574 865 2644 iu¹
886 2581 1023 2645 lectione
1043 2573 1169 2662 tutque’
1203 2579 1260 2641 ad-

195 2692 334 2756 hibitum
367 2697 415 2756 est
446 2712 502 2775 pro
533 2684 577 2756 ‘et
599 2690 656 2755 ut’.
702 2692 747 2755 At
774 2709 839 2753 non
872 2710 1033 2774 exponere
1060 2689 1131 2752 vult
1152 2687 1261 2750 Varro

194 2805 335 2887 primum
360 2821 397 2865 ea
421 2821 505 2884 quae
529 2821 604 2865 cum
626 2801 824 2885 temporibus
847 2806 926 2865 suut
941 2802 1123 2881 coniuncta,
1139 2798 1257 2862 deiude

198 2912 385 2995 quomodo
417 2948 458 2957 -
493 2931 590 2994 quem
617 2931 748 2975 sensum
776 2904 836 2974 ‘ut’
867 2911 1042 2994 particulae
1065 2908 1256 2994 Spengelius

197 3023 375 3086 tribuit-
399 3022 547 3084 cumbis
571 3021 771 3104 cohaereant,
796 3022 851 3085 sed
874 3025 1001 3084 tantum
1025 3020 1130 3083 dicere
1154 3018 1193 3081 dc
1214 3019 1258 3081 iis

198 3151 281 3214 quae
313 3130 354 3192 ad
385 3136 527 3212 tempora
556 3132 718 3213 pertinent
750 3127 1074 3215 quomodocunquel)
1107 3148 1184 3192 cum
1206 3127 1259 3191 his

197 3246 273 3306 suut
306 3240 485 3304 coniuncta.
541 3238 580 3302 In
615 3240 727 3303 eadem
750 3239 912 3324 Spengelii
947 3240 1142 3304 correctione
1171 3236 1259 3320 quod

197 3353 246 3412 est
266 3341 395 3412 ‘dicam'
419 3350 625 3414 vehementer
646 3349 825 3433 languescit
848 3353 945 3431 atque
960 3348 1120 3412 inutiliter
1135 3368 1153 3412 e
1168 3365 1260 3431 prae-

198 3458 388 3523 cedentibus
423 3461 596 3543 repetitum
630 3464 687 3528 est.
744 3458 879 3522 Dixerat
914 3458 1000 3520 enim
1023 3457 1127 3520 Varro
1161 3456 1259 3540 paulo

305 3688 332 3749 1)
351 3689 477 3743 (lanieras
498 3687 571 3741 locos
600 3687 646 3757 qui
670 3689 733 3740 sunt
750 3688 783 3752 V,
805 3691 820 3757 ξ
839 3691 881 3758 13,
900 3707 925 3759 p.
945 3691 988 3744 24.
1024 3681 1085 3742 ‘Sed
1105 3701 1168 3755 qua
1188 3700 1260 3752 cog-

198 3781 315 3835 natio.
335 3780 425 3838 ,erit
451 3780 535 3848 verbi,
566 3796 633 3849 quae
651 3778 754 3833 radices
784 3781 869 3850 egerit
886 3784 964 3835 extra
984 3781 1052 3834 lines
1070 3793 1141 3847 suas,
1169 3791 1263 3844 perse-

200 3873 331 3943 quemnr'3
350 3873 397 3941 vl,
416 3876 475 3942 δί,
493 3890 519 3942 p.
532 3872 583 3929 184
600 3867 698 3940 ‘Atque
716 3872 740 3925 si
759 3887 813 3939 qua
831 3872 910 3925 erunt
928 3888 966 3925 ex
986 3871 1123 3925 diverso
1141 3883 1262 3939 genere

200 3966 337 4036 adiuncta,
359 3966 455 4038 ¹potius
482 3963 635 4035 cognationi
663 3963 808 4017 verborum
838 3980 919 4033 quam
947 3962 1065 4018 auditori
1083 3958 1264 4016 calumnianti

201 4075 325 4127 geremus
343 4056 465 4117 morem':
494 4058 541 4128 qui
559 4056 612 4110 loci
640 4056 801 4128 particulam
827 4051 928 4124 ‘utque'
951 4054 969 4108 i.
989 4070 1013 4111 e.
1031 4049 1194 4122 ‘utcumque'
1212 4051 1262 4105 ad-

199 4152 309 4206 modum
328 4150 523 4207 commendant.
