2782 4614
711 339 753 418 18

204 532 472 618 significationem
495 530 557 595 sibi
579 529 724 617 vindicat
754 548 838 613 quae
870 532 918 592 est
942 529 1082 594 Graecae
1112 531 1269 599 formulae

203 638 280 728 εἴγε,
301 642 321 704 i.
338 660 364 705 e.
381 641 447 704 vim
471 640 762 724 argumentativam
786 639 839 702 vel
859 637 1112 704 confirmativam
1129 644 1271 725 postulat

205 756 254 834 (ut
277 747 473 833 ‘quoniam'l
518 746 578 813 Est
610 752 716 812 autem
740 747 785 834 Π,
807 745 925 830 5,13.1)
958 786 1002 794 -
1034 748 1082 814 De
1110 754 1271 835 particula

205 864 362 945 quaeest

210 1028 213 1033 .
313 968 464 1056 [quidem
495 967 570 1030 libri
601 967 640 1030 de
668 967 728 1029 l.l.
753 967 846 1030 etde
870 986 892 1027 r.
918 986 942 1027 r.
968 969 1078 1050 scripti
1109 972 1155 1033 ita
1186 973 1271 1036 inter

204 1099 242 1144 se
267 1078 477 1159 dissentiunt
494 1082 531 1140 ut
553 1077 588 1139 in
611 1076 675 1140 illis
699 1096 779 1140 usus
804 1075 1035 1140 Ciceronianus
1059 1078 1172 1161 valeat,
1199 1102 1271 1164 par·

205 1189 307 1251 tieula
338 1189 437 1270 igitur
469 1184 628 1270 significet
659 1185 728 1268 ‘ego
760 1183 913 1267 qnidcm’:
955 1205 1038 1267 quae
1076 1208 1270 1273 quamquam

209 1297 311 1361 semel
334 1300 460 1359 tentum
485 1295 623 1358 occurrit
646 1293 715 1376 (IX,
739 1297 757 1376 ξ
783 1297 824 1357 32
848 1315 876 1375 p.
901 1291 986 1376 477),
1013 1302 1120 1360 tamen
1150 1298 1188 1362 de
1211 1301 1272 1365 1100

208 1406 280 1471 1000
303 1406 385 1468 nihil
401 1408 450 1468 est
466 1402 713 1483 dubitandum.2)
759 1405 863 1467 Aliter
886 1423 986 1468 resse
1002 1404 1097 1469 habet
1112 1408 1145 1469 in
1162 1427 1272 1472 rerum

209 1517 403 1582 rusticarum
426 1512 531 1578 libris:
554 1514 615 1576 hoo
639 1514 910 1594 0011101101000,
933 1512 989 1576 ubi
1011 1514 1130 1598 legitur
1151 1514 1186 1598 (I,
1203 1519 1232 1599 5,
1243 1513 1271 1582 1)

210 1625 369 1710 particula
401 1624 441 1687 ad
466 1625 592 1687 tertiam
620 1624 710 1688 verbi
731 1624 866 1707 pluralis
889 1643 1059 1704 personam
1084 1627 1274 1692 transfertur

208 1736 273 1798 sic:
321 1732 492 1816 ‘Equidem
526 1731 780 1795 innumerabiles
819 1731 896 1794 mihi
931 1732 1126 1802 videntur’.3)
1185 1736 1274 1812 Quae

209 1845 321 1917 omnia
345 1847 418 1905 ante
441 1861 493 1906 me
515 1845 701 1925 praeceptor
724 1861 816 1905 meus
839 1840 1005 1906 Henricus
1027 1843 1192 1909 Jordanus
1223 1867 1274 1910 co-

208 1955 301 2043 piose
335 1953 491 2034 docteque
521 1953 556 2013 in
588 1951 775 2033 quaestione
807 1951 845 2013 de
877 1951 976 2015 huius
1008 1955 1184 2035 particulae
1212 1975 1275 2018 usu

211 2063 336 2144 docuit3
363 2081 445 2145 quae
467 2063 551 2148 inest
573 2062 608 2123 in
632 2058 765 2141 symbol.
790 2060 856 2122 erit.
879 2080 908 2143 p.
934 2061 1005 2122 321.

322 2172 385 2236 Sed
410 2171 448 2235 de
468 2169 629 2245 ‘Quidem’
648 2170 825 2253 particulae
842 2189 902 2232 usu
919 2168 1121 2234 Varroniano
1137 2190 1178 2235 ne
1196 2172 1276 2254 quid

211 2283 447 2365 relinquamus
479 2281 540 2342 hoc
563 2279 638 2342 addi
661 2284 791 2362 oportet,
818 2279 956 2343 formula
979 2299 1062 2362 quae
1085 2285 1132 2344 est
1163 2300 1209 2344 ne
1233 2319 1276 2326 —

215 2392 387 2475 quidem,
419 2390 506 2454 etin
529 2389 620 2452 libris
644 2389 683 2452 de
706 2389 725 2451 l.
749 2388 768 2450 l.
793 2392 824 2450 et
846 2389 880 2450 in
904 2390 968 2453 illis
993 2390 1032 2452 de
1056 2411 1079 2452 r.
1103 2411 1127 2452 r.
1152 2391 1278 2473 scriptis

215 2498 397 2562 Varronem
429 2519 526 2562 usum
562 2517 640 2562 esse.
687 2497 846 2579 Exempla
869 2499 1053 2578 conquisivi
1086 2498 1215 2562 elibris
1240 2500 1278 2562 de

215 2608 236 2671 l.
259 2608 279 2670 l.
302 2608 395 2670 haec:
420 2607 510 2691 VIII,
535 2609 552 2688 ξ
578 2608 619 2670 60
643 2628 672 2690 p.
689 2607 752 2669 436
778 2604 838 2668 ‘Ne
860 2607 896 2668 in
918 2606 969 2667 his
993 2607 1124 2688 quidem
1146 2645 1190 2652 —
1214 2627 1278 2670 ser·

215 2722 312 2779 vatur
335 2716 501 2800 analogia’.
548 2717 606 2780 ubi
628 2717 707 2780 haec
732 2715 868 2779 formula
895 2734 967 2793 non·
985 2735 1154 2779 ascensum
1179 2738 1197 2779 a
1221 2719 1279 2778 mi-

216 2846 295 2890 nore
318 2826 358 2889 ad
381 2828 488 2889 maius
513 2827 675 2909 quoddam
699 2824 865 2909 significat,
888 2825 944 2888 sed
967 2827 1073 2907 potius
1096 2846 1147 2890 res
1164 2846 1280 2909 aequa·

216 2937 265 3000 les
288 2938 372 2998 inter
395 2955 429 2999 se
446 2937 591 2999 conectit.
637 2934 802 2999 Vertimus
824 2937 923 3018 igitur
946 2936 1040 2999 ‘auch
1057 2936 1164 3000 nicht’.
1210 2935 1282 2998 Hoc

216 3046 306 3109 idem
330 3045 391 3108 sibi
414 3045 485 3108 vult
507 3045 645 3108 formula
668 3045 727 3126 IX,
752 3047 770 3126 ᾗ
796 3047 835 3107 51
860 3066 889 3128 p.
908 3047 972 3107 492
998 3065 1093 3127 quern
1117 3047 1224 3108 locuni
1247 3048 1282 3104 in

219 3156 328 3218 codice
352 3154 434 3217 Flor.
459 3156 614 3236 scriptum
636 3153 793 3216 habemus
817 3155 878 3215 sio:
903 3152 979 3214 ‘non
1003 3153 1109 3214 solum
1131 3154 1166 3213 in
1190 3170 1283 3213 roca-

180 3338 182 3345 1
220 3262 307 3327 bulis
339 3263 505 3327 literarum
539 3263 619 3326 haec
650 3282 716 3325 non
747 3262 944 3344 requirenda
975 3262 1129 3344 analogia,
1161 3261 1218 3323 sed
1250 3262 1284 3322 in

220 3373 348 3454 syllaba
372 3373 503 3454 quidem
527 3373 601 3451 ulla,
636 3372 723 3452 quod
756 3371 893 3434 dicimus
917 3371 977 3434 hoc
1001 3371 1050 3447 ba,
1075 3371 1173 3434 huius
1198 3367 1284 3436 ba’.4›

220 3535 250 3542 .—

329 3603 356 3673 1)
373 3598 443 3657 ‘Mas
461 3621 496 3657 an
514 3603 614 3656 femina
632 3601 668 3657 sit
697 3605 825 3670 concepta
852 3602 986 3670 significat
1019 3603 1151 3656 descensu
1182 3604 1283 3657 taurus,

223 3712 287 3749 cum
304 3695 366 3747 iniit
384 3694 425 3762 (P.
444 3688 537 3765 ι11111’);
557 3693 690 3762 siquidem
709 3694 750 3765 (P.
768 3693 801 3747 ‘si
820 3688 918 3763 quod),
938 3695 961 3747 si
980 3711 1037 3747 mas
1057 3697 1105 3761 est,
1125 3694 1154 3746 in
1167 3693 1283 3746 dexteri-

223 3804 297 3841 orem
315 3787 419 3854 partcm
437 3785 504 3838 abit:
524 3785 548 3838 si
566 3784 672 3856 femina,
691 3785 721 3838 in
739 3777 949 3839 sinisteriorem'.

331 3879 358 3946 2)
375 3877 487 3931 Dubitat
505 3894 565 3930 cum
584 3876 686 3945 Popma
704 3877 827 3930 Handius
846 3877 875 3930 in
894 3879 968 3931 Turs.
989 3876 1040 3931 rol.
1059 3876 1095 3944 H,
1114 3893 1138 3942 p.
1159 3875 1219 3929 425.

332 3970 359 4038 3)
379 3968 487 4037 Georgii
505 3967 623 4021 Merulae
642 3969 750 4022 libidini
769 3969 880 4023 debetur
898 3959 1039 4037 ‘equidem'
1061 3968 1081 4033 I,
1102 3967 1152 4034 1,3
1172 3970 1238 4019 extr.

232 4110 235 4115 .
332 4061 360 4129 4)
378 4059 432 4136 Sic
451 4062 508 4120 cod.
526 4060 596 4114 Flor.
624 4060 681 4129 (cfr.
701 4061 793 4114 Groth.
812 4060 830 4116 1.
850 4078 872 4116 0.
892 4078 917 4128 p.
937 4062 970 4114 57
991 4077 1016 4114 n.
1035 4058 1107 4132 351),
1135 4075 1188 4111 uon
1218 4058 1288 4125 quod

218 4128 556 4220 ‘Spenge1.''exhibet‘noo
575 4143 627 4205 lrc'.
